2984 5192
1145 487 1184 544 69

118 671 193 716 rurn
223 671 317 718 inore
344 656 533 736 usurpatur
559 655 639 723 XII:
661 659 744 740 273,
769 659 813 722 10
841 677 1047 740 comperce
1066 660 1166 724 atalia
1185 661 1228 724 sit

118 755 305 819 recordatio
331 758 574 824 calamitatum.

219 861 409 938 Volaticue
436 859 476 922 de
505 860 584 924 telis
617 861 806 925 insolenter
838 860 962 925 dicitur
990 861 1225 942 1111131115

119 957 326 1023 Partlroraur
353 978 456 1023 arona
482 963 632 1026 volatica.
687 962 862 1026 Praeterea
889 963 1065 1043 proprium
1087 980 1226 1028 sensum

118 1059 225 1122 habet
261 1059 375 1124 Plaut.
414 1061 518 1127 Poen.
550 1066 582 1144 2,
605 1065 648 1127 27
687 1062 844 1127 homines
879 1063 1019 1128 volatici
1055 1066 1090 1128 et
1122 1064 1224 1146 Apul.

117 1160 198 1224 Met.
229 1162 250 1224 8
279 1161 434 1241 Pegasus
463 1163 644 1228 volaticus,
694 1164 796 1244 Apud
825 1163 891 1229 Cio.
920 1165 1126 1229 translatam
1155 1166 1225 1229 vim

50 1323 53 1330 ,
117 1261 238 1325 habet:
268 1261 482 1344 inconstans²
510 1265 608 1330 levis.

219 1368 376 1426 Volvere
403 1365 436 1428 in
464 1370 553 1446 part.
582 1385 683 1447 prees.
711 1367 911 1432 reflexivam
937 1367 1007 1430 vim
1034 1367 1139 1432 habet
1165 1368 1224 1433 III:

121 1465 203 1544 102,
226 1465 271 1528 20
301 1467 404 1529 aurate
436 1469 645 1533 ootoaatibus.
687 1469 728 1533 V:
754 1470 834 1549 134,
856 1469 876 1532 5
906 1486 1077 1532 aaaaruur
1103 1471 1227 1534 actaea-

117 1567 214 1629 tiaoc.
269 1566 380 1643 (Lucr.
416 1568 477 1633 Ov.
512 1569 621 1648 Virg.)
675 1571 731 1634 Cir
757 1569 852 1650 Virg.
881 1569 967 1634 Aen.
1009 1571 1226 1636 1234111-

116 1667 283 1730 ventibus
310 1669 418 1733 annis.
1095 1675 1096 1678 ’

219 1773 378 1832 Votivus
404 1770 425 1834 1.
447 1789 478 1850 q.
508 1777 649 1853 optatus,
677 1776 799 1852 pratus
824 1773 904 1838 Xll:
929 1775 1013 1853 297,
1034 1775 1080 1837 30
1108 1793 1130 1838 a
1157 1774 1226 1853 atot-

116 1872 180 1933 bus
210 1874 253 1934 tot
284 1872 387 1936 elatat
419 1875 526 1936 uotiua
558 1875 739 1938 oouietaat.
795 1875 850 1938 lta
881 1875 978 1938 Treb.
1008 1874 1093 1938 Poll.
1122 1874 1225 1956 Apul.

116 1971 221 2035 Prud.
693 1982 696 1987 '

221 2079 419 2161 Vulnerare
443 2076 614 2140 translata
642 2077 673 2140 vi
703 2075 891 2140 insolenter
919 2095 996 2141 curn
1025 2077 1226 2141 1111101111-

118 2175 173 2238 nis
200 2176 370 2240 abstracti
390 2178 605 2257 coniungitur
625 2177 669 2242 X:
692 2178 775 2256 218,
797 2178 842 2240 28
863 2196 921 2242 aco
934 2180 1084 2259 fortuna
1105 2179 1226 2244 uicissi-

116 2277 244 2341 111110-
261 2277 422 2342 victorum
449 2280 600 2344 latittaru
629 2279 825 2343 uulnerauit.

221 2481 246 2544 Ε
274 2481 401 2562 uerbis²
431 2499 508 2560 quae
544 2481 664 2546 autin
693 2498 771 2562 pan.
801 2481 884 2544 solis
912 2484 974 2544 aut
1001 2482 1090 2562 apud
1114 2483 1227 2563 poste·

117 2582 229 2646 riores
249 2599 386 2661 quoque
405 2583 593 2663 scriptores
612 2582 842 2663 reperiuntur,
863 2600 970 2646 unum
990 2583 1022 2646 in
1037 2601 1116 2664 pan.
1133 2583 1226 2664 VIII,

117 2701 226 2746 unum
259 2683 293 2746 in
325 2701 403 2764 pan.
432 2683 495 2765 IX,
524 2688 602 2749 octo
634 2684 668 2746 in
702 2702 780 2764 pan.
813 2683 860 2765 X,
889 2684 957 2748 tria
988 2684 1021 2747 in
1056 2703 1134 2765 pan.
1163 2685 1226 2766 XI,

117 2785 187 2848 1111
214 2784 248 2848 in
275 2802 354 2864 pan.
383 2785 452 2848 ΧΠ
481 2788 676 2850 occurrunt.

219 2891 409 2949 Abusivus
421 2887 590 2952 idemtere
602 2889 773 2966 astatque
785 2887 1068 2968 iatpropriule:
1086 2888 1166 2968 195,
1180 2887 1225 2950 24

117 2988 254 3051 nauatae
267 2989 339 3068 ipso
356 2989 497 3052 abusion
514 2988 734 3070 appellatione
748 2989 910 3053 rutotilato.
950 2989 1045 3051 Duos
1057 2991 1228 3068 praeterea

118 3090 215 3153 locos
242 3089 354 3153 lexioa
381 3089 530 3154 afferunt
557 3108 575 3154 e
600 3089 827 3170 scriptoribus
846 3090 972 3152 infimae
992 3090 1124 3154 aetatis:
1146 3090 1224 3154 Cael.

116 3189 238 3255 Aurei.
268 3193 359 3255 aaut.
393 3192 422 3254 1.
451 3192 548 3272 praef.
577 3199 595 3270 ς
627 3191 668 3254 14
699 3194 734 3255 et
762 3191 922 3255 Consent.
953 3190 1036 3271 341,
1066 3192 1099 3255 2.

220 3297 486 3369 Ampliflcatrix
513 3311 580 3356 uno
608 3293 682 3357 loco
709 3292 1064 3374 11111111111111278,
1089 3294 1131 3356 15
1157 3310 1226 3356 atu·

109 3395 302 3476 praecauta
328 3395 399 3456 ocri
426 3399 582 3459 catastae.

222 3498 446 3558 clibanarios
472 3496 492 3559 i.
519 3515 550 3576 q.
579 3495 827 3576 cataphractus,
857 3497 961 3559 tortca
995 3498 1154 3558 ulutatus
1180 3495 1225 3559 X:

119 3598 205 3678 230,
233 3597 265 3660 5.
319 3597 405 3659 Post
436 3597 619 3662 Nauariurn
657 3614 725 3660 vox
751 3595 783 3659 in
813 3596 908 3661 libris
934 3596 1049 3661 Arum.
1083 3597 1224 3676 Eutrop.

117 3699 258 3778 Lampr.
288 3699 417 3762 exstat.

222 3803 458 3876 Constipatio.
499 3799 586 3862 Fieri
615 3801 744 3880 potest,
768 3801 807 3862 ut
825 3798 993 3863 Nauarius
1012 3799 1144 3881 primus
1163 3798 1227 3863 hac

118 3919 205 3965 voce
234 3901 267 3963 in
296 3899 423 3964 litteris
449 3917 534 3964 usus
558 3900 604 3963 sit
622 3899 667 3963 X:
690 3901 773 3981 235,
794 3902 827 3981 8,
849 3900 914 3963 nisi
932 3899 1022 3964 forte
1041 3900 1225 3980 Vopiscus,

118 4003 179 4082 qui
207 4001 304 4066 initio
334 4003 448 4081 quarti
476 4001 594 4065 sreculi
622 4001 764 4065 vivebat
790 4005 826 4065 et
852 4001 942 4065 idern
966 4003 1110 4066 verbum
1129 4019 1225 4065 usur·

117 4107 193 4186 pat,
222 4107 303 4167 ante
330 4103 514 4168 Nazariurn
543 4119 648 4184 opera
675 4120 739 4166 sua
766 4103 916 4184 scripsit.
971 4103 996 4166 ll
1024 4102 1119 4167 libris
1146 4101 1225 4167 Arn-

119 4204 226 4270 miani
256 4207 292 4268 et
318 4204 505 4284 Augustini
533 4203 644 4268 lexioa
671 4221 801 4284 paucos
828 4204 922 4268 locos
950 4203 1110 4268 afferunt.

221 4310 521 4370 Deambulaorum
547 4305 568 4370 i.
590 4323 621 4389 q.
651 4306 887 4376 ambulacrum
914 4306 1040 4386 (Plane.
1069 4305 1225 4392 Pallan),
