2984 5192
1120 430 1158 487 93

98 604 133 664 θῖ
158 600 251 677 Tuo.)
304 601 433 664 annen
465 600 500 664 in
534 600 587 664 his
623 600 756 666 duobus
783 601 952 681 exemplis
979 603 1110 685 quisque
1137 601 1199 664 for-

97 705 192 765 lasso
220 705 426 782 usurpatum
454 705 519 780 osi,
550 702 638 780 quod
671 703 815 765 verbum
843 702 1048 782 superlativi
1075 702 1201 782 gradus

96 805 131 866 θῖ
157 819 254 882 pron.
274 802 345 866 roll.
366 802 586 866 antecedunt.
604 839 635 848 —
650 801 730 864 XII:
752 803 835 878 287,
858 804 878 865 0
902 823 972 865 euru
993 804 1093 866 altero
1116 805 1200 886 puls·

95 923 152 986 que
185 902 386 984 eoufere'euus.
430 902 511 966 XII:
536 903 619 980 302,
647 903 690 967 16
719 904 853 965 eliorum
889 905 1019 987 quosque
1046 904 1200 987 compleor?

89 1023 151 1086 per
178 1003 315 1086 obrupto
333 1005 552 1087 plomeroutur
571 1004 661 1080 (11.6.
679 1003 767 1066 aller
786 1003 934 1068 alierum
954 1003 1009 1068 vel
1029 1005 1119 1069 inter·
1138 1011 1198 1080 sol.

202 1101 336 1188 Uterque
369 1105 410 1169 do
442 1104 576 1169 <luobus
608 1105 642 1166 ln
670 1103 792 1184 plurali
831 1122 974 1169 numero
1010 1105 1199 1169 insolenter·

94 1208 284 1284 usurpatur
302 1205 361 1268 III:
380 1206 461 1284 104,
481 1206 523 1268 15
543 1212 678 1288 utroque
693 1212 796 1268 oestro
811 1207 955 1268 uurue'uo.
984 1206 1044 1270 III:
1059 1207 1140 1284 108,
1154 1207 1197 1269 27

94 1312 228 1389 utruque
255 1306 367 1368 muudi
393 1295 527 1370 luruiuo.
572 1307 653 1386 110,
674 1308 695 1368 9
724 1326 762 1368 eu
788 1306 930 1390 utrisque
956 1308 1090 1390 Alpium
1117 1308 1200 1389 lupis

94 1413 232 1470 oestrum
254 1427 368 1470 uunreu
389 1406 518 1489 effulsit.
560 1406 639 1470 XII:
653 1407 735 1487 276,
753 1408 795 1470 16
819 1413 954 1491 utruque
976 1409 1107 1471 meliora
1125 1416 1201 1472 suut

95 1507 148 1583 (uo
177 1507 290 1570 animo
315 1513 351 1571 θῖ
378 1514 543 1587 corpore).
597 1507 842 1571 Adnotanuum
870 1513 926 1572 est
943 1509 1001 1573 IV:
1024 1510 1104 1588 118,
1127 1510 1147 1572 8
1174 1511 1202 1572 si

95 1614 226 1692 uterque
261 1609 450 1691 experiundi
483 1628 581 1671 ceusu
613 1607 720 1690 officie
747 1616 944 1687 eoruruuleul,
973 1611 1031 1674 ubi
1058 1611 1201 1673 verbum

97 1709 130 1772 in
157 1709 246 1788 plur.
275 1727 368 1773 nurn.
396 1711 550 1789 positum
583 1713 648 1788 θθῖ,
683 1709 771 1788 quod
802 1726 973 1789 nusquam
1002 1710 1092 1791 apud
1122 1710 1201 1785 Cio„

97 1809 157 1873 sed
186 1827 279 1890 saepe
307 1809 397 1890 apud
426 1811 512 1874 alios
538 1814 578 1874 ut
605 1810 691 1874 Caes
719 1811 905 1874 inveniiur.
989 1873 996 1882 ,

196 1911 291 1974 Alius
308 1947 338 1958 -
356 1913 441 1974 ullus·
471 1928 532 1991 pro
560 1928 644 1976 vooo
672 1928 749 1990 quae
777 1915 832 1974 osi
859 1913 939 1976 oller
955 1949 985 1958 -
1002 1913 1083 1974 oller
1109 1930 1201 1993 repo·

94 2012 182 2074 riiur
208 2010 267 2076 IV:
284 2011 398 2090 118‚9
419 2019 454 2074 ui
472 2012 572 2074 olium
596 2011 726 2095 quidum
748 2011 895 2074 tuburum
914 2033 1011 2076 souus
1034 2050 1084 2092 --,
1104 2015 1201 2076 oliuu

94 2112 241 2196 quoeduru
266 2112 420 2196 triumplu
442 2111 566 2176 seluemo
590 2113 758 2175 deterreor.
787 2113 882 2176 Alius
901 2117 937 2176 θῖ
959 2114 1040 2175 oller
1059 2115 1148 2178 lnior
1167 2132 1203 2178 so

93 2213 306 2294 respondent
332 2213 411 2277 XII:
425 2214 469 2277 27
476 2215 508 2294 6,
525 2214 567 2277 15
585 2212 676 2277 uliud
701 2234 739 2275 eu
764 2215 864 2276 oller-o
885 2215 995 2278 erescit
1014 2215 1068 2291 (do
1088 2217 1201 2278 annno

94 2316 132 2378 θῖ
158 2321 324 2394 corporo).
386 2312 474 2376 Unus
490 2351 519 2360 —
535 2315 617 2377 oller
642 2314 722 2377 XII:
744 2315 827 2395 273,
852 2316 894 2379 18
923 2316 978 2398 qui
1000 2317 1204 2399 Imperatores

92 2415 190 2478 uerius
217 2421 358 2476 lueretur
385 2421 519 2495 oetatem,
545 2416 678 2477 oilerius
709 2417 834 2477 iuuaret
861 2414 1007 2478 laborem.
1049 2417 1133 2496 284,
1156 2419 1201 2480 24

94 2536 164 2579 ouoe
196 2515 315 2598 duplex
345 2514 447 2596 fuerit
473 2517 531 2579 isle
557 2516 700 2594 dilectus,
727 2523 810 2578 uuus
838 2537 875 2578 eu
901 2517 1031 2588 iudicio,
1060 2519 1140 2580 ulter
1167 2539 1204 2580 ee

93 2616 174 2698 foto.
217 2617 366 2697 308,11
398 2623 433 2678 ui
457 2615 601 2698 fateatur
627 2624 720 2680 seruet
746 2618 805 2678 uui
831 2618 1006 2699 oietoeu'oee,
1028 2619 1125 2682 oilere'
1152 2619 1202 2681 ole-

94 2717 164 2780 bere
192 2717 375 2779 oiude‘eloru.

199 2817 407 2881 Pronornine
434 2821 547 2882 neutr.
576 2835 664 2898 gen,
694 2836 771 2897 quoe
798 2819 840 2882 ad
869 2823 964 2884 certa
983 2821 1204 2884 substantiva

97 2935 165 2983 non
193 2919 400 2998 referuntur,
429 2919 463 2982 in
490 2919 532 2982 iis
549 2935 685 2998 quoque
708 2920 847 2983 casibus
866 2937 959 3002 saepo
979 2925 1202 3002 usurpantur,

96 3019 162 3084 ubi·
183 3037 249 3083 non
279 3036 322 3082 ex
351 3019 460 3084 lorrna
487 3020 546 3084 sed
569 3037 587 3084 θ
608 3037 700 3083 nexu
726 3021 911 3086 sententlae
932 3026 1088 3103 apparot,
1107 3023 1205 3086 culus

97 3121 234 3202 generis
262 3121 308 3182 sii
335 3115 535 3200 pronomen,
564 3126 604 3184 ul
631 3121 691 3186 III:
717 3122 797 3201 106,
820 3122 864 3184 23
888 3126 924 3186 θῖ
942 3122 1001 3187 IV:
1027 3123 1206 3202 120,1ee

98 3242 158 3306 quo
192 3220 397 3302 rueue'fesluru
431 3228 486 3286 esi,
526 3221 602 3286 VII:
627 3223 708 3301 170,
729 3223 774 3285 23
804 3243 842 3285 eu
868 3243 928 3307 quo
955 3243 1043 3286 uenio
1070 3223 1203 3288 duellet.

96 3322 191 3386 VIII:
217 3322 336 3400 186,1
368 3343 406 3384 eu
433 3343 493 3405 quo
526 3343 608 3406 slepe
641 3323 767 3386 occidit.
811 3322 873 3388 IX:
895 3325 979 3405 210,
1001 3325 1046 3389 25
1077 3345 1115 3387 eu
1146 3346 1205 3409 quo

96 3425 167 3507 lpse
195 3429 341 3506 apparel.
382 3423 420 3486 In
449 3423 502 3487 lris
525 3423 695 3503 exemplis
714 3424 864 3488 causalis
883 3425 937 3488 vis
956 3429 1022 3505 osi,
1042 3425 1102 3489 sed
1122 3429 1204 3490 torn-

97 3523 229 3604 poralis
262 3540 385 3586 sensus
418 3525 589 3604 repontur
615 3525 708 3589 VIII:
734 3526 813 3604 184,
837 3527 854 3588 7
885 3547 923 3589 eu
950 3547 1009 3610 quo
1041 3547 1109 3589 eom
1131 3530 1206 3590 uoel

98 3645 210 3688 eeusus
237 3625 439 3688 euenienerol
466 3624 631 3690 uoerbilus.
676 3627 757 3705 190,
776 3628 820 3690 27
847 3647 885 3689 eu
912 3647 972 3710 quo
996 3633 1030 3690 tu
1048 3629 1205 3710 Imperare

98 3725 239 3808 eoepielu
251 3724 352 3788 -IV2
374 3727 454 3807 120,
476 3718 522 3789 26
546 3728 581 3789 e'u
608 3747 668 3810 quo
687 3747 740 3810 epo
752 3765 780 3773 -
792 3727 873 3791 uilu'l
889 3729 981 3791 leude
997 3749 1073 3791 ueeee
1092 3729 1204 3794 tribuo.

96 3826 140 3890 V:
164 3827 247 3906 136,
268 3825 287 3888 2
308 3826 342 3888 e'u
361 3846 462 3909 quo—
474 3828 679 3910 prouidentia
701 3834 796 3890 tuu-
809 3830 974 3912 apparuit.
1008 3830 1088 3907 141,
1113 3831 1156 3894 10
1171 3832 1205 3893 iu

98 3947 159 4011 quo
185 3927 351 4009 proecipue
378 3929 604 3991 consulendum
628 3928 704 4010 fuit.
746 3928 804 3992 VI:
830 3930 910 4010 154,
928 3931 971 3993 31
1001 3931 1036 3993 e'u
1063 3951 1123 4014 quo
1142 3952 1204 3994 uuo

98 4028 258 4111 querelam
279 4028 326 4089 rel
350 4027 485 4110 publicu
506 4049 600 4112 poene
626 4031 780 4094 rnerulsu‘.
818 4029 892 4094 VII:
914 4033 995 4112 169,
1020 4032 1061 4095 12
1088 4032 1122 4092 iu
1145 4054 1205 4116 quo

94 4129 203 4211 polluo
231 4129 357 4190 consilii
383 4130 430 4191 tul
451 4129 517 4211 fuit
540 4132 632 4194 rullo.
672 4131 765 4195 VIII:
788 4133 868 4209 188,
890 4133 932 4195 14
952 4134 987 4194 e'u
1006 4153 1066 4217 quo
1081 4167 1111 4178 -
1129 4141 1206 4197 esset
1261 4166 1263 4171 ·

99 4228 182 4312 quod
211 4227 350 4310 fortusse
381 4230 631 4314 reprehenderet.
672 4231 718 4296 X:
741 4233 824 4313 234,
849 4234 890 4296 12
926 4233 960 4296 e'u
994 4254 1053 4317 pue
1080 4234 1205 4316 quidem
