2970 5184
295 455 334 516 20

354 636 534 694 eor-uscue
547 648 616 694 vox
630 629 720 710 apud
734 627 851 708 script.
865 628 989 692 solutae
1001 626 1166 693 arationis
1179 626 1356 692 rarissima

252 733 297 796 X:
320 733 402 815 224,
425 734 617 796 5111151111
633 733 771 795 corusci.
802 730 885 812 235,
907 731 952 794 29
973 747 1111 793 corusca
1129 732 1199 794 luce
1211 747 1355 810 pennina-

252 851 342 897 11111.

353 939 535 1012 crepitare
563 951 632 998 vax
658 933 729 997 fere
754 935 890 1012 poetica
908 933 988 998 XII:
1010 935 1093 1015 310,
1118 933 1133 996 1
1156 933 1356 1013 crepitantia

251 1040 333 1099 torio
360 1054 469 1116 anpue
492 1037 614 1116 stupra.
1330 1049 1332 1053 ·

353 1141 493 1199 crudus
531 1138 571 1200 de
608 1137 711 1200 rebus
747 1137 917 1200 translate
952 1139 1158 1215 usurpatum
1196 1138 1236 1198 nt
1265 1134 1356 1213 apud

253 1241 376 1318 poetas
403 1237 448 1302 X:
471 1238 729 1319 2423111111
756 1237 868 1301 adnue
894 1239 1009 1318 nierne,
1038 1239 1070 1302 h.
1092 1255 1121 1301 e.
1150 1254 1285 1316 aspera.

353 1345 459 1402 Culta
484 1357 546 1419 pro
575 1337 887 1420 apuleienses
916 1339 1069 1420 (Poetae,
1097 1339 1171 1402 Lis.
1200 1336 1301 1412 Plin.)

353 1445 500 1503 Ouriose
519 1441 540 1505 i.
562 1458 593 1519 q.
615 1440 790 1519 diiipcnicr
807 1439 866 1504 Vl:
891 1441 972 1521 153,
994 1441 1026 1504 6.
1068 1439 1243 1503 Plaeterea
1261 1437 1355 1502 VIII:

255 1542 336 1621 189,
361 1543 376 1604 1
407 1542 427 1606 i.
450 1559 480 1620 q.
510 1541 667 1620 studiose,
696 1541 824 1622 cupide,
854 1541 911 1620 qni
933 1559 1057 1605 sensus
1076 1541 1143 1604 etsi
1161 1539 1269 1603 rarior
1289 1542 1355 1618 est,

251 1647 369 1706 tamen
398 1643 504 1706 sernel
532 1642 622 1723 apud
650 1641 759 1724 Suet,
789 1643 841 1706 bis
869 1643 958 1722 apud
987 1643 1052 1706 Oia.
1083 1645 1212 1724 exstat,
1239 1641 1297 1705 nbi
1323 1641 1357 1702 in

252 1744 490 1826 comparativa
505 1744 615 1807 forma
631 1760 701 1806 vox
714 1744 829 1822 posita
845 1746 910 1807 est.
950 1742 1297 1823 (1111111181111275,
1309 1742 1354 1804 24

251 1845 461 1925 dilipentIani
488 1847 667 1908 curiosarn.
707 1845 857 1926 31215
887 1847 1028 1908 curiosos
1049 1845 1259 1926 posterttatis
1285 1861 1356 1906 oeu-

251 1945 303 2026 118,
334 1947 365 2010 lr.
387 1965 415 2011 e.
445 1946 614 2026 studiosae,
644 1945 763 2010 inuidia.

352 2051 493 2110 Curatis
513 2054 572 2125 (sc.
588 2046 684 2124 sella)
703 2047 782 2111 XII:
801 2049 884 2130 279,
905 2049 961 2112 16.
996 2047 1081 2112 Hac
1101 2047 1230 2128 ellipsis
1251 2048 1357 2110 aetate

252 2166 322 2227 arg.
346 2149 578 2213 usitatissima
598 2152 662 2212 est.
700 2149 755 2212 Cir
783 2148 869 2213 Plin.
891 2167 970 2229 pan.
993 2149 1125 2230 54,12.
1162 2149 1239 2212 Tac.
1257 2147 1355 2211 alios.

351 2254 569 2312 DecennIum
592 2251 612 2313 i.
634 2267 665 2328 q.
694 2241 824 2331 tenipus
849 2251 957 2313 deceni
977 2268 1147 2314 urinarurn
1166 2249 1211 2313 X:
1228 2248 1355 2329 214,3.

253 2351 415 2432 243,15.
470 2351 575 2432 Apul.
604 2351 723 2414 eaden]
752 2353 786 2415 ri
813 2355 957 2416 verbum
986 2352 1134 2416 adhibet.

352 2457 553 2514 DeclaratIo
573 2469 643 2515 vox
661 2453 768 2516 rarior
789 2452 868 2516 XII:
887 2455 970 2534 277,
988 2455 1006 2516 2
1023 2472 1069 2516 an
1083 2471 1158 2516 uero
1176 2453 1357 2532 quicquain

248 2559 416 2632 protarnus
448 2555 485 2616 in
518 2554 653 2632 irnperii
687 2555 737 2616 tui
770 2554 993 2618 declaratione
1019 2556 1243 2635 praeteritura.
1299 2550 1355 2614 Cir

253 2653 425 2718 declarare
454 2653 641 2735 consulein,
669 2672 784 2734 regern
814 2655 918 2732 (Cic).
962 2655 1077 2719 Cicero
1106 2655 1239 2719 dnobus
1271 2651 1358 2715 locis

252 2756 395 2818 verbum
416 2759 578 2836 usurpat:
603 2755 696 2821 Fam.
722 2757 777 2838 15,
799 2757 842 2819 21
870 2757 1056 2820 declaratio
1076 2756 1213 2820 amoris
1261 2754 1355 2833 10,5

252 2855 368 2935 animi,
397 2857 417 2920 i.
439 2874 470 2935 q.
501 2857 682 2920 ostendere
709 2874 851 2938 morern,
881 2858 1044 2922 animum.

351 2962 512 3032 Decolor,
539 2975 609 3021 vox
635 2957 706 3021 fere
733 2960 870 3038 poetica
896 2959 1033 3040 proprio
1061 2975 1164 3022 sensu
1190 2975 1268 3021 cunr
1288 2954 1355 3020 abl.

251 3057 369 3122 iuncta
395 3057 580 3138 Xllzaea,
605 3060 648 3122 13
677 3065 812 3139 spnonrat
839 3061 967 3124 decolor
993 3079 1111 3124 cruore
1135 3061 1269 3140 fluuius.

350 3163 510 3236 Decoqui
541 3160 711 3224 translate
745 3161 869 3225 dicitur
902 3161 1137 3240 11126214
1173 3177 1248 3223 cunr
1275 3176 1359 3238 aper

251 3260 450 3324 assiduitate
473 3261 650 3340 fructuurn
677 3263 714 3324 in
735 3264 876 3325 eroaricus
903 3263 1116 3343 decoquatur,
1142 3263 1161 3326 i.
1188 3279 1219 3340 q.
1244 3278 1359 3323 uiacer

251 3365 279 3424 et
310 3361 425 3440 effetus
452 3361 523 3438 aar.
570 3362 625 3425 Cir
650 3363 745 3428 Seu:
786 3364 975 3442 decoquere
1009 3380 1134 3444 corpus
1158 3365 1263 3441 atque
1287 3362 1356 3424 exi-

251 3479 381 3528 nanrre.

351 3569 533 3629 Defaecare
561 3565 730 3631 translate
758 3570 964 3646 usurpatum
989 3567 1034 3630 X:
1057 3567 1140 3646 233,
1165 3569 1208 3630 19
1232 3583 1299 3644 nce,
1320 3569 1359 3628 ut

246 3666 403 3746 priruunr
430 3669 581 3750 liberunr,
611 3669 764 3732 continuo
790 3667 988 3747 defoecatum
1015 3673 1062 3732 est
1088 3675 1147 3746 (sc.
1169 3667 1356 3748 gandium),

252 3768 283 3830 11.
306 3783 334 3829 e.
356 3787 378 3830 a
392 3769 473 3848 foece
486 3773 686 3850 purputurn,
707 3769 887 3833 sineerunr.
927 3768 1089 3833 Plantas:
1106 3769 1241 3832 animus
1257 3767 1356 3832 defae-

252 3871 362 3932 catus.
417 3869 583 3950 Macron:
613 3887 710 3932 mens
738 3870 915 3934 defaecata.

351 3975 548 4034 Deflectere
582 3970 740 4036 absolute
775 3971 830 4034 vel
862 3971 1082 4034 intransitive
1110 3971 1238 4034 dictum
1268 3970 1356 4033 Inso-

251 4069 379 4134 lentius
397 4088 459 4151 pro
479 4073 641 4154 deflectere
660 4073 769 4135 aerolas
787 4073 829 4135 alo
849 4071 928 4150 alqa
946 4090 982 4136 re
996 4072 1138 4148 (Ilvins)
1153 4072 1199 4136 X:
1211 4073 1294 4150 216,
1308 4071 1354 4133 22

251 4171 336 4235 ninii
362 4173 403 4234 ab
430 4174 502 4237 eius
528 4174 796 4253 contemplatione
824 4173 1004 4253 deflectunt.
1051 4173 1148 4250 ldie:
1174 4173 1357 4236 deflectere

252 4291 272 4335 a
299 4272 472 4351 veritate.)
