2970 5184
319 441 358 498 60

377 618 538 676 sollicite
574 629 641 677 non
678 612 775 693 prius
811 628 914 693 quarn
951 616 1042 695 apud
1077 617 1196 698 script.
1226 635 1297 698 arg.
1326 622 1380 683 aet.

276 716 309 778 in
338 731 403 779 usu
430 717 495 778 est.
523 714 584 779 VI:
609 713 690 794 153,
712 713 732 776 6
760 714 971 794 iuspieieuoio
996 717 1141 782 soiiioite.

219 891 222 898 ¹
377 820 525 878 Solvere
560 816 594 878 in
630 831 723 896 pass.
759 814 871 880 forma
905 816 926 879 i.
954 833 981 880 s,
1008 835 1039 896 q.
1075 819 1289 899 ioupuesoero
1321 819 1381 883 IX:

281 917 361 998 195,
382 917 428 980 23
449 917 586 981 detortis
603 916 785 995 solutisque
801 917 971 981 membris.
1011 917 1076 983 Hic
1091 936 1177 982 usus
1190 923 1382 1001 poetarum,

277 1019 392 1098 Quint.
422 1018 516 1082 Curt.
545 1019 610 1082 est.

378 1123 539 1192 sorbere,
568 1118 589 1182 2.
619 1135 651 1196 q.
680 1117 854 1181 obsorbere
880 1117 986 1198 (Cic),
1015 1118 1178 1183 oieoororo
1205 1121 1246 1184 de
1273 1121 1385 1186 Tiberi

277 1221 400 1284 dicitur
427 1219 490 1284 IX:
512 1220 596 1298 206,
618 1218 664 1281 26
691 1219 854 1282 2222222222
879 1223 908 1283 22
933 1219 1092 1283 turbidus
1117 1220 1240 1285 22222222
1259 1224 1311 1286 222
1323 1240 1384 1303 pu-

276 1323 366 1386 biieoo
393 1321 562 1385 sorbuisti.
602 1319 652 1383 De
679 1319 843 1400 charybdi
869 1319 1089 1401 X11:295‚8
1110 1339 1184 1401 quoe
1199 1324 1385 1403 eurupieuo

277 1424 416 1504 2222222
442 1421 619 1485 sorbuerit.
660 1419 791 1495 (Poetae
819 1423 855 1484 et
882 1420 1000 1500 script.
1030 1438 1100 1501 arg.
1131 1425 1201 1499 aet.)

378 1526 551 1601 Specialis
584 1537 646 1600 pro
683 1521 865 1601 siupuiuri,
894 1523 1047 1602 proprio.
1088 1521 1169 1586 XH:
1197 1524 1323 1604 297,4
1351 1526 1386 1588 22

276 1628 351 1690 ilios
381 1626 529 1706 fortusse
555 1622 714 1702 speciales
735 1625 919 1701 putaretur
944 1622 1102 1687 habuisse
1128 1623 1284 1688 odiorum
1312 1643 1386 1690 ouu-

277 1746 336 1791 sus
366 1731 550 1807 murouuus
586 1723 670 1803 302,
693 1723 808 1786 202
770 1726 808 1786 22
839 1726 910 1786 222
899 1724 958 1786 tibi
977 1721 1089 1804 posset
1115 1726 1226 1804 specio
1227 1726 1253 1789 ii
1241 1727 1385 1806 iirupu-
1468 1709 1469 1740 0

276 1833 349 1892 2222
376 1828 507 1890 miiitum
546 1772 697 1903 307,19
727 1823 820 1888 dubii
796 1828 915 1888 222222
917 1839 949 1886 ur
977 1825 1073 1888 222222
1091 1827 1268 1905 2222222222
1283 1844 1386 1907 quou-

277 1930 358 1993 22222
386 1927 558 2009 22222222
585 1924 807 1988 2222222222
833 1925 1015 1988 2222222222
1054 1924 1143 2031 (Seri.
1174 1925 1387 2005 02222)022

276 2029 402 2094 Krebs
429 2027 548 2092 Antib

379 2132 568 2207 sponsalis
595 2123 803 2189 adieetivurn
830 2126 1006 2192 rarissime
1025 2127 1206 2206 reperitur
1238 2127 1296 2191 VI:
1318 2128 1384 2191 152

279 2234 324 2296 26
354 2235 402 2294 22
416 2235 490 2294 22-
509 2227 664 2310 22222222
689 2244 818 2290 222222
841 2227 949 2306 222222
915 2228 1027 2307 pu
1028 2245 1180 2292 222222
1221 2229 1305 2292 Tres
1323 2228 1387 2293 locr

277 2335 448 2414 praeterea
476 2329 668 2393 afferuntur
696 2328 785 2407 apud
813 2328 914 2392 Varr.
942 2327 1082 2392 Hieron.
1109 2327 1187 2393 Cori.
1209 2329 1336 2393 Theod.

377 2436 525 2508 Sponte,
564 2428 654 2507 quod
699 2427 790 2508 apud
830 2428 981 2509 optimos
1022 2428 1212 2509 scriptores
1251 2447 1389 2510 semper
1471 2481 1472 2490 ,

278 2551 355 2597 curn
383 2530 645 2612 pronominibus
673 2546 750 2608 quae
777 2531 860 2592 sunt
879 2545 956 2593 mea
976 2533 1038 2594 tua
1053 2545 1116 2593 sua
1131 2533 1251 2593 nostra
1268 2533 1387 2595 vestra

278 2633 507 2713 coniungitur,
545 2631 578 2693 in
613 2630 830 2711 panegyricis
866 2647 1003 2710 semper
1039 2630 1198 2694 absolute
1233 2631 1387 2711 ponitur.

211 2762 213 2766 ·
277 2733 489 2813 11:95,11.
525 2732 583 2808 97,
611 2732 644 2794 3.
680 2732 738 2811 99,
765 2730 823 2795 24.
858 2731 918 2794 HI:
944 2731 1024 2811 114,
1047 2732 1104 2795 22.
1140 2730 1199 2795 IV:
1225 2731 1386 2812 126,21.

277 2835 319 2900 V:
344 2835 425 2915 137,
450 2835 504 2896 10.
544 2833 625 2910 144,
647 2834 679 2895 4.
714 2830 774 2895 Vr:
799 2831 879 2910 152,
904 2832 959 2895 19.
994 2831 1070 2896 VII:
1096 2831 1176 2910 172,
1201 2831 1256 2896 10.
1292 2832 1386 2896 VIII:

281 2937 361 3014 180,
383 2937 416 2999 9.
455 2933 616 3012 184,13.
655 2933 816 3013 187,12.
852 2933 915 2996 IX:
937 2933 1021 3012 205,
1043 2933 1101 2996 22.
1136 2931 1307 3014 122257,
1331 2934 1386 2996 18.

279 3035 363 3116 262,
384 3037 442 3100 29.
473 3034 557 3114 263,
579 3036 611 3098 5.

379 3139 561 3214 Squalere,
595 3135 627 3198 h.
654 3151 683 3198 2.
720 3139 865 3214 22222222,
896 3135 1065 3198 desertura
1099 3152 1178 3214 osse,
1215 3151 1286 3199 vox
1317 3133 1389 3200 fere

279 3238 415 3318 poetica
449 3236 544 3301 VIII:
573 3237 654 3314 185,
680 3235 726 3298 24
766 3225 880 3299 22222222
909 3271 939 3281 -
966 3239 1064 3299 22222
1102 3237 1227 3315 omnin,
1261 3237 1388 3300 2222222

277 3339 478 3419 2222222222.

378 3442 561 3502 statarius
592 3437 655 3501 XI:
677 3437 761 3517 258,
786 3437 828 3500 15
857 3438 1041 3500 statorium
1064 3437 1269 3516 prandium,
1299 3437 1332 3501 h.
1357 3454 1386 3501 e.

278 3541 365 3620 puori
392 3559 414 3603 2
441 3543 531 3604 22222
520 3541 662 3604 ibus
633 3543 662 3602 2
688 3540 726 3601 22
747 3539 925 3618 procinctu
944 3539 1032 3617 cupit
1034 3555 1078 3600 ur
1096 3535 1277 3614 (22222212).
1307 3535 1386 3602 XII:

279 3642 363 3723 299,
388 3643 463 3704 12
452 3645 557 3705 ur
548 3658 651 3704 us
628 3640 710 3703 2222.
752 3639 897 3702 Nomine
927 3639 1016 3717 quod
1045 3646 1100 3702 est
1125 3639 1198 3702 2222
1217 3637 1391 3702 Maximus

278 3759 357 3807 curn
396 3744 600 3823 contemptu
639 3743 796 3818 vocatur,
837 3755 942 3818 quum
979 3739 1149 3803 statarius
1186 3737 1285 3802 miles
1321 3757 1386 3804 non

279 3843 413 3908 fuisset.
456 3843 523 3907 Cio.
553 3858 690 3922 quoque
718 3857 802 3904 voce
831 3840 951 3904 utitur.

380 3947 601 4021 Subalpinus
628 3959 697 4005 vox
723 3941 901 4005 rarissima
928 3943 993 4005 est.
1023 3939 1086 4003 IX:
1111 3941 1229 4018 197,8
1259 3940 1318 4003 seri
1336 3941 1389 4004 2222

282 4045 453 4109 (22222222
478 4045 629 4108 homiues
655 4043 799 4106 ociortus
824 4045 881 4121 222,
909 4045 946 4104 22
973 4041 1169 4120 suboipiuos
1191 4039 1305 4117 (Piin.)

380 4150 508 4208 subire
544 4145 714 4209 translate
751 4145 958 4223 usurpatum
992 4142 1181 4205 insolenter
1210 4157 1287 4204 cum
1317 4141 1386 4205 222

279 4265 339 4326 pro
368 4265 438 4312 acc.
464 4248 616 4327 iungitur
636 4246 679 4309 II:
702 4245 760 4322 92,
780 4245 823 4307 19
838 4243 1070 4324 praecipitauit
1089 4241 1242 4305 Romouo
1259 4243 1390 4306 uoruiui
