2970 5184
1149 477 1168 536 3

106 649 170 713 Sed
189 653 361 714 auctores
387 666 466 729 pan.
496 648 544 712 Vl
571 652 607 713 et
634 649 685 714 IX
713 649 811 714 nobis
826 667 968 730 prorsus
986 651 1094 730 ignoti
1114 655 1207 716 sunt.

106 752 130 814 Ε
158 751 284 815 ceteris
311 753 440 833 autem,
466 751 506 814 de
534 751 659 829 quibus
686 751 777 815 docti
805 752 868 815 viri
889 740 1037 816 multum
1057 753 1208 836 disputa·

105 856 241 942 uerunt,
271 854 445 917 orationes
472 852 504 914 H
523 856 557 916 et
576 847 789 916 IllRunrrn1
810 853 853 917 ab
872 853 993 917 eodem
1013 854 1085 919 viro
1107 855 1207 920 scribi

107 973 171 1018 non
200 955 357 1034 potuisse
385 954 611 1036 existimavit,
641 971 849 1034 quamquam
870 955 1004 1018 codices
1020 957 1209 1036 praeferunt

107 1056 251 1120 eundem
281 1073 357 1118 esse
385 1060 574 1135 auctorem,
604 1055 676 1118 sire
704 1056 734 1119 ei
762 1073 884 1120 nomen
906 1055 972 1118 fuit
991 1057 1206 1140 Mamertino,

106 1161 143 1220 ut
171 1139 204 1221 in
233 1175 301 1221 uno
329 1157 444 1220 codice
472 1157 695 1237 significatur,
720 1157 793 1220 sive
821 1157 913 1220 aliud
933 1175 1067 1222 nomen.
1104 1160 1209 1224 Plura

106 1261 210 1322 verba
238 1259 278 1322 de
305 1277 383 1338 pan.
410 1257 452 1340 V,
480 1258 556 1340 Vll,
585 1257 668 1322 VlH
696 1275 771 1322 cum
800 1258 847 1323 tv
876 1258 1016 1338 collatis
1039 1260 1205 1325 fecerunt.

105 1360 197 1440 Quos
234 1377 338 1440 quum
374 1360 452 1423 inde
486 1361 529 1424 ab
564 1362 668 1423 aetate
696 1359 840 1423 Lirineii
866 1364 1009 1440 propter
1036 1362 1147 1426 multa
1174 1364 1206 1426 in

104 1462 144 1524 iis
172 1463 262 1526 inter
286 1479 323 1524 se
348 1461 572 1540 congruentia
592 1461 761 1524 creditum
780 1463 874 1524 esset
894 1461 1073 1542 scripsisse
1088 1465 1207 1528 Eume·

104 1563 210 1645 nium,
253 1563 309 1641 qui
345 1564 418 1644 ipse
453 1580 489 1625 se
518 1566 679 1640 quartam
708 1563 898 1626 orationem
924 1563 1085 1627 babuisse
1114 1566 1207 1646 dicit,

104 1665 291 1752 postremis
319 1664 534 1744 temporibus
561 1681 633 1726 rem
657 1663 855 1742 diligentius
882 1663 1118 1744 inspexerunt.
1165 1668 1206 1730 Α.

103 1759 252 1847 snofls2,
289 1766 346 1844 qni
376 1764 552 1828 minimam
589 1782 728 1844 operam
761 1766 794 1828 in
828 1765 1021 1829 elocutione
1055 1785 1207 1846 perscru-

103 1869 209 1931 tanda
236 1867 463 1948 consumpsit,
492 1885 529 1932 se
557 1866 659 1946 plane
676 1867 869 1929 ostendisse
884 1867 1072 1931 arbitratur
1089 1869 1208 1932 Eume·

103 1969 196 2031 nium
225 1971 353 2048 praeter
381 1986 459 2049 pan.
488 1967 536 2033 lV
564 1967 669 2031 etiam
684 1967 767 2030 VIH
784 1965 1209 2049 composuisse'imprimis

102 2073 309 2150 argumenta
335 2070 510 2134 Bnaunrrr'
535 2069 750 2148 vituperans,
780 2069 837 2148 qui
865 2071 901 2132 et
928 2069 1123 2134 elocutione
1145 2072 1207 2135 for-

102 2189 228 2251 maque
261 2171 472 2251 singulorum
508 2169 793 2251 panegyricorum
830 2171 981 2233 breviter
1018 2173 1209 2235 tractandis

101 2277 137 2336 et
180 2273 331 2336 inaximo
371 2290 485 2335 rerum
524 2272 677 2352 ipsarum
715 2271 1208 2350 sententiarumque'ratione

100 2375 260 2438 habenda
291 2373 363 2437 lieri
396 2391 462 2436 non
496 2373 652 2453 potuisse
676 2372 851 2454 iudicavit,
881 2376 921 2436 ut
947 2391 1037 2436 unus
1062 2375 1209 2455 scriptor

101 2476 280 2539 orationes
314 2473 363 2538 IV
393 2477 429 2537 et
454 2474 536 2538 Vlll
565 2477 796 2554 componeret.
845 2474 904 2542 Oui
932 2476 1117 2540 sententiae
1144 2477 1207 2540 hoc

100 2577 266 2640 decennio
300 2576 340 2639 R.
375 2569 512 2640 Gorzu³
552 2575 753 2656 assentitur,
790 2575 846 2654 qni
879 2579 995 2639 tamen
1027 2594 1101 2641 rem
1137 2577 1208 2658 plu·

100 2678 197 2742 ribus
224 2677 389 2740 Brandtio
413 2680 449 2740 et
477 2675 714 2740 subtilioribus
742 2677 1207 2755 quaestionibusillustravit.

99 2778 190 2844 Nam
221 2781 260 2841 ut
293 2778 421 2842 certius
451 2778 491 2840 de
526 2775 579 2840 his
612 2778 715 2841 rebus
749 2778 930 2859 iudicetur,
965 2796 1030 2842 non
1064 2797 1208 2861 paruam

5 2889 6 2894 ’
100 2880 276 2960 quandam
311 2883 445 2960 partem
476 2878 735 2942 consuetudinis
762 2879 894 2943 dicendi
922 2882 1207 2960 panegyricorum

101 2981 162 3045 sed
192 2985 304 3046 totam
334 2981 562 3045 elocutionem
591 2980 839 3060 perquisivisse
867 2985 903 3044 et
922 2998 988 3044 non
1009 2982 1120 3046 solum
1141 3000 1207 3046 ser-

102 3099 238 3146 monem
270 3100 457 3162 paucorum
492 3081 550 3144 sed
581 3082 733 3170 ommpm
761 3083 962 3162 cognovisse
991 3085 1095 3162 atque
1119 3085 1208 3148 inter

100 3202 138 3248 se
177 3201 397 3264 comparasse
434 3200 574 3248 necesse
603 3168 667 3246 es't.
715 3183 780 3246 Sed
809 3201 912 3262 quum
942 3201 1042 3248 nemo
1071 3203 1114 3264 err
1141 3185 1208 3249 illis

100 3285 213 3349 doctis
246 3285 340 3367 virle,
375 3302 462 3365 quos
498 3301 602 3365 supra
635 3284 714 3364 dixi,
744 3285 917 3364 copiosius
945 3285 984 3348 de
1014 3285 1207 3350 elocutione

100 3387 388 3468 panegyricorum
418 3386 619 3466 quaesirerit
649 3423 677 3432 —
707 3395 916 3465 quamquam
945 3375 1114 3478 quaesibi
1133 3405 1206 3468 pro-

99 3493 304 3570 posuerunt,
340 3488 536 3568 diligentius
571 3488 777 3568 perscrutati
816 3490 898 3551 sunt
939 3525 969 3532 -
1007 3505 1061 3550 me
1094 3506 1207 3570 operae

99 3590 252 3672 pretium
289 3590 401 3654 facere
439 3607 515 3653 sum
553 3589 753 3670 arbitratus,
792 3607 897 3667 quum
934 3589 976 3652 ad
1013 3589 1100 3652 banc
1135 3608 1207 3654 rem

99 3691 345 3772 disputandam
383 3691 596 3771 aggrederer,
631 3707 697 3753 non
733 3690 894 3770 ignorans
928 3690 1052 3771 omnia,
1083 3709 1208 3770 quaea

99 3810 156 3857 me
181 3796 441 3873 exspectantur,
470 3795 639 3872 praestare
668 3791 906 3856 difficillimum
927 3809 1014 3855 esse.
1060 3791 1207 3873 Propter

205 3987 213 4018 ¹
239 3993 276 4046 De
303 3993 352 4038 XII
378 3991 541 4051 panegyricis
570 3990 668 4035 Latinis
692 3991 910 4050 propedeumatu.
946 3991 1207 4050 Diss.1nuug.Gry-

96 4077 258 4138 phiswaldiae
279 4080 350 4124 1868.

204 4157 214 4188 ²
232 4163 270 4208 Dc
292 4165 414 4220 quattuor
435 4161 604 4222 panegyricis,
626 4163 669 4220 qui
693 4161 724 4207 ab
748 4161 874 4207 Eumenio
893 4161 983 4220 scripti
1002 4175 1060 4208 csse
1079 4163 1207 4210 dicuntur.

96 4249 168 4295 Dios.
188 4247 278 4304 Inaug.
296 4248 376 4293 Halis.
397 4249 454 4294 Sar.
475 4249 547 4294 1885.

204 4325 584 4385 ³Quaesuones=Eumenianm
619 4333 687 4379 Dius.
707 4333 796 4390 Inaug.
826 4333 906 4378 Halis.
926 4333 983 4379 Sax.
1013 4335 1084 4380 1892.
