2970 5184
1118 447 1154 504 51

191 621 432 694 Privilogium‚
461 616 551 695 quod
578 617 721 679 verbum
751 614 842 694 apud
869 615 986 695 script.
1008 631 1123 680 aureae
1142 622 1198 681 aet.

94 717 264 798 signifieat
300 717 410 797 legem
442 718 476 780 12
503 717 661 797 privatos
696 715 853 779 homines
887 715 996 780 labam
1033 717 1096 792 (cfr
1132 717 1198 782 Oie.

93 819 178 898 legg.
199 818 260 882 III:
285 820 354 899 19),
375 820 540 898 argentea
554 819 660 880 aetate
676 816 778 880 aliern
794 816 1078 896 significationem
1099 819 1200 898 adep·

94 923 166 982 turn
195 923 264 984 est:
293 921 349 982 ins
369 919 586 1000 prroon'pnnin
613 918 716 982 otioni
742 917 916 996 tribntnnt,
944 918 1144 998 2222222222,
1165 922 1202 982 22

94 1037 184 1100 saepe
218 1021 251 1083 12
287 1037 367 1100 pan.
396 1019 585 1084 invenitur:
620 1017 826 1098 IV:126‚1
856 1019 948 1083 suino
970 1055 1001 1065 —
1024 1021 1201 1100 nrioiieoio

93 1121 269 1201 riionitotis
294 1125 372 1186 inco.
416 1121 482 1184 127
489 1169 496 1200 ,
518 1121 537 1183 3
564 1119 712 1200 noiotini
737 1118 1109 1199 2222222221221221222
1128 1139 1201 1183 orn·

93 1223 185 1286 toriro
207 1222 415 1303 professioni
440 1223 573 1285 sotonni
600 1225 627 1284 et
651 1220 813 1282 inootnnio
831 1224 1012 1285 soroontes.
1058 1222 1138 1302 127,
1154 1222 1199 1284 25

93 1324 183 1386 snioo
214 1323 352 1386 honoris
384 1323 449 1386 rnei
474 1322 662 1402 nrioitooio.
703 1319 780 1384 VH:
804 1321 927 1398 1735
957 1321 1054 1384 iobis
1080 1325 1109 1384 ot
1134 1322 1203 1386 iiiio

93 1441 249 1504 ninnoro,
270 1425 447 1487 constitues
459 1423 651 1503 priniiooio.
692 1421 756 1485 XI:
774 1422 857 1503 250,
873 1422 919 1485 30
943 1423 1031 1485 nitro
1050 1424 1203 1486 oninibns

90 1525 225 1605 bouniis
243 1526 475 1588 irnnennitotos
487 1523 669 1603 nrioiiooio
685 1524 852 1603 noonnios
870 1524 1079 1603 iorqinntnr.
1120 1522 1200 1590 XH:

95 1626 178 1705 293,
195 1627 236 1688 11
255 1626 338 1689 bont
352 1626 485 1689 ininrio
501 1625 559 1687 tibi
570 1623 725 1686 oinoiioos
736 1624 955 1704 nrioitooinrn
967 1625 1200 1688 rnisortornnt.

193 1731 405 1788 Proculeare
437 1741 499 1806 pro
532 1724 723 1794 oononiooro
755 1725 848 1802 (Cio.)
876 1725 918 1789 V:
944 1725 1024 1804 139,
1051 1725 1093 1787 15
1126 1743 1202 1788 onrn

92 1828 212 1891 totiens
224 1828 421 1908 2222212212
440 1831 521 1890 osset
532 1826 756 1890 Aiornonnio.
790 1825 846 1890 Ita
857 1829 984 1906 poeta,
995 1825 1069 1888 Liv.
1082 1827 1200 1906 script.

93 1945 163 2008 arg.
194 1931 251 1992 aet.

194 2033 386 2106 Prodigere
412 2027 434 2092 1.
455 2045 482 2093 s,
504 2046 536 2107 q.
557 2026 739 2106 effrenioro,
760 2014 931 2106 dissipare
950 2026 1054 2102 (012).
1093 2011 1201 2091 4222-
1268 2074 1271 2081 -

92 2130 165 2193 1222
199 2130 328 2193 dietum
356 2127 419 2192 IX:
441 2129 524 2206 203,
546 2129 589 2192 27
625 2125 828 2210 “fruimini“
863 2127 971 2191 oiebnt
1007 2126 1200 2209 1222212222,

90 2229 291 2310 2222221221.
338 2230 421 2293 Cum
450 2246 520 2294 222.
545 2229 700 2292 iunctum
723 2227 787 2291 XI:
809 2228 893 2307 252,
914 2228 960 2291 23
981 2229 1147 2308 qnidqnioi
1164 2267 1193 2275 —

93 2333 156 2395 otii
182 2333 220 2394 in
248 2331 445 2411 cupiditates
466 2331 632 2410 proprios
654 2329 885 2409 prodiuobont.

194 2435 408 2506 Rotundus,
424 2430 514 2510 quod
527 2432 671 2494 verbum
687 2428 777 2509 apud
790 2431 862 2509 opt.
877 2429 996 2509 script.
1012 2447 1149 2510 semper
1161 2432 1201 2494 de

91 2533 178 2596 iocis
206 2533 239 2595 in
266 2549 333 2596 usu
352 2536 417 2612 est,
438 2538 555 2596 tamen
575 2530 683 2594 semel
702 2530 793 2610 apud
813 2529 879 2594 Cic.
901 2530 1109 2594 translatam
1129 2533 1199 2595 vim

90 2635 199 2697 habet
225 2633 415 2714 (profundae
438 2632 620 2710 libidines),
639 2631 890 2712 posterioribus
910 2631 1075 2695 aetatibus
1094 2633 1199 2696 etiam

90 2737 131 2798 de
162 2734 238 2797 aliis
270 2735 373 2798 rebus
407 2735 652 2814 usurpabatur,
680 2735 720 2795 ut
746 2731 789 2795 H:
811 2733 912 2813 93,9
941 2733 991 2794 iro
1012 2751 1143 2812 nossns
1169 2751 1203 2797 es

90 2838 126 2899 in
144 2835 362 2916 nrofnnctont
379 2835 520 2914 fornent.
559 2833 604 2897 X:
627 2833 710 2913 241,
733 2833 985 2913 inrofnnoinnn
1003 2835 1081 2896 nrbi
1099 2836 1202 2898 otinno

88 2940 205 3017 quintos
226 2935 424 3017 noriornitto
451 2935 682 2998 oonrtioiornnt.

194 3040 401 3114 Progressio
428 3037 566 3117 proprio
594 3051 699 3098 sensu
726 3035 933 3114 usurpatum
959 3033 1051 3098 idern
1080 3039 1202 3100 eatae

85 3155 293 3220 oroorossns
319 3136 379 3200 HI:
404 3137 551 3218 108,17
581 3153 685 3216 neone
711 3137 800 3198 enirn
818 3134 904 3198 iiinri
923 3138 1118 3216 oroorossio
1132 3139 1202 3218 snit

89 3258 150 3303 neo
177 3239 310 3301 itineris
342 3238 496 3317 oonfootio
526 3255 585 3300 noo
617 3237 723 3300 solitis
750 3236 1200 3319 2222122222222222222-

88 3341 191 3404 rotio.
232 3338 373 3403 Nullum
401 3338 505 3402 aliurn
533 3338 658 3418 locum,
688 3337 746 3401 ubi
774 3336 893 3400 eadem
916 3338 963 3400 sit
982 3338 1199 3420 significate,
1285 3395 1297 3410 ,

89 3457 218 3506 invent
1219 3493 1221 3502 .

192 3545 358 3602 Prolixus
384 3541 527 3604 verbum
557 3539 598 3603 de
626 3538 880 3602 2222212222
908 3537 998 3601 idern
1027 3541 1199 3619 estquod

81 3643 283 3725 prornissns
309 3641 351 3706 V:
376 3642 457 3722 143,
479 3641 523 3704 32
552 3642 613 3704 iiio
635 3641 785 3703 borbore
804 3645 863 3703 ont
881 3640 1065 3703 irnitotiono
1083 3641 1199 3704 borbo-

88 3747 156 3810 rioe
185 3744 262 3806 otini
289 3743 380 3805 onitn
406 3743 504 3805 nostis
532 3745 560 3804 ot
580 3741 716 3821 protino
743 3741 834 3803 orine
852 3739 1032 3805 rntitontio
1051 3748 1111 3818 (so.
1130 3760 1198 3806 eor-

88 3850 202 3926 pora).
230 3843 277 3907 lis
304 3843 399 3925 iocis,
428 3843 486 3906 ubi
514 3845 617 3906 antea
644 3842 709 3905 hoe
732 3843 877 3904 verbum
894 3841 984 3920 apud
1003 3842 1077 3906 Ter.
1102 3842 1197 3924 Virg.

89 3947 157 4010 Ov.
188 3945 228 4008 de
255 3945 362 4008 barba
389 3948 425 4007 et
453 3943 575 4023 capillo
604 3941 756 4006 adhiberi
783 3943 984 4022 putabatur,
1004 3961 1095 4006 2222
1119 3943 1198 4024 legi-

88 4054 165 4111 tur:
194 4045 396 4125 promissus
451 4044 500 4107 De
527 4046 683 4123 tempore
712 4046 900 4123 usurpatur
927 4060 988 4123 pro
1016 4045 1111 4124 ionoo
1132 4045 1195 4110 XI:

89 4147 178 4227 249,
201 4147 220 4208 2
250 4149 284 4208 ot
310 4147 347 4209 in
373 4146 553 4210 oirtntibns
572 4145 743 4225 principis
760 4145 868 4208 nostri
887 4148 1011 4223 qnonto
1027 4150 1109 4210 cetos
1126 4165 1199 4226 pro-

88 4249 208 4327 iixior,
236 4250 327 4310 tonto
347 4246 567 4328 niiiebritncio
588 4246 820 4326 prestantior,
837 4247 878 4308 22
905 4245 994 4324 apud
1013 4246 1197 4313 Iuriscona
