2970 5184
196 1481 246 1606 St
280 1541 357 1620 quis
383 1541 523 1621 penitus
550 1539 740 1620 intelligere
769 1541 863 1622 velit,
893 1539 1005 1618 qualis
1033 1539 1198 1620 cuiusque

94 1643 224 1706 indoles
252 1647 288 1705 et
314 1645 440 1705 natura
467 1641 582 1722 populi
612 1645 826 1720 arar-nmque
855 1641 1066 1721 singularum
1083 1641 1198 1720 fuerit,

94 1743 230 1808 litteras
266 1743 487 1822 linguamque
522 1759 727 1822 cognoscere
762 1759 903 1808 necesse
931 1746 996 1823 est,
1026 1759 1129 1821 quum
1155 1760 1198 1806 ex

94 1845 186 1908 nulla
220 1845 287 1909 alia
323 1863 359 1908 re
395 1844 518 1907 melius
555 1844 708 1908 concludi
741 1845 863 1926 possit,
899 1844 1039 1922 quantis
1075 1845 1198 1923 ingenii

93 1946 320 2010 facultatibus
344 1945 510 2026 praeditus
538 1943 651 2008 fuerit.
698 1945 830 2025 Lingua
858 1945 947 2008 enim
973 1946 1046 2008 sola
1067 1950 1198 2008 certum

95 2048 194 2126 qnasi
222 2047 484 2111 fundamentum
514 2049 579 2126 est,
608 2064 627 2109 a
656 2063 722 2124 qno
751 2047 783 2109 in
804 2046 1030 2125 diiudicando,
1052 2063 1140 2124 quos
1159 2048 1200 2110 ad

95 2149 221 2226 gradus
249 2165 385 2226 quoque
413 2151 569 2227 tempore
589 2148 783 2211 ascenderit
799 2148 913 2211 cultus
928 2147 1032 2210 animi
1048 2148 1200 2210 humani-

94 2250 259 2330 tatisque,
289 2248 527 2329 proficiscaris,
557 2265 665 2326 eaque
693 2249 777 2312 duee
805 2249 881 2312 inde
910 2251 951 2312 ab
979 2249 1077 2311 initio
1096 2249 1199 2328 perci-

95 2368 177 2431 pere
204 2351 296 2430 licet,
325 2353 441 2412 utrum
471 2349 673 2413 adolescens
700 2350 885 2413 increverit
904 2367 946 2413 an
967 2367 1152 2414 senescens
1167 2351 1199 2413 in

95 2453 195 2531 peius
222 2469 259 2514 se
283 2451 505 2514 converterit.
553 2450 627 2530 Qua
653 2468 690 2517 re
717 2469 860 2531 prorsus
878 2454 1061 2531 perspecta
1081 2454 1200 2515 nostro

96 2553 232 2631 quidem
262 2552 389 2615 saeculo
413 2553 446 2614 in
476 2552 602 2630 linguis
629 2552 887 2631 perscrutandis
906 2555 942 2615 et
961 2552 1201 2633 comparandis

95 2655 184 2718 docti
208 2654 272 2717 viri
300 2653 454 2716 studiose
482 2653 730 2732 diligenterque
758 2653 888 2718 versati
916 2657 1008 2734 sunt,
1038 2671 1105 2732 quo
1134 2653 1199 2718 iac·

96 2759 168 2818 tum
205 2758 270 2836 est,
299 2757 344 2817 ut
376 2755 417 2818 ad
445 2771 616 2818 summam
651 2755 792 2833 gloriam
822 2755 1055 2834 honoremque
1083 2772 1199 2836 perre-

95 2857 185 2920 niret
204 2855 360 2919 scientia.
409 2856 471 2935 Qui
492 2873 597 2935 quum
618 2855 650 2918 in
671 2855 785 2936 lingua
805 2855 928 2920 Latina
948 2857 1061 2945 conati
1083 2860 1201 2919 essent

95 2958 288 3038 exquirere,
319 2957 398 3036 quid
427 2956 592 3036 cuiusque
611 2958 763 3020 auctoris
778 2958 952 3038 proprium
971 2961 1076 3037 esset,
1091 2957 1201 3036 iisque

95 3059 221 3139 linguae
250 3059 414 3122 aetatibus
441 3058 699 3139 perspiciendis
728 3059 853 3136 quibus
879 3075 1002 3122 nomen
1031 3075 1145 3122 aureae
1165 3063 1201 3122 et
1243 3054 1245 3058 ’
1359 3073 1363 3078 ·

96 3163 270 3239 argenteae
304 3162 360 3222 est
387 3159 530 3222 inditum
561 3160 688 3239 aetatis
718 3176 891 3224 summum
920 3159 1072 3242 studium
1102 3159 1200 3223 collo·

96 3264 246 3342 cessent,
271 3265 388 3324 tamon
408 3261 602 3341 posteriori,
626 3261 704 3338 qnid
721 3277 781 3340 per
796 3277 833 3323 se
849 3263 953 3342 esset,
970 3260 1201 3340 intelligendae

95 3363 210 3426 minus
237 3362 478 3426 incubuerunt.
522 3360 629 3440 Quam
647 3361 675 3424 si
692 3362 901 3442 perscrutati
915 3361 1084 3443 videmus,
1099 3380 1200 3444 quan·

62 3481 65 3488 ’
95 3465 169 3527 tum
198 3480 254 3527 res
282 3462 365 3526 foris
393 3463 551 3542 domique
580 3465 688 3542 gestae
715 3463 756 3526 ad
777 3462 929 3542 linguam
953 3463 1111 3527 Latinam
1133 3479 1201 3527 cor·

94 3564 321 3646 rumpendam
349 3563 533 3643 valuerint,
562 3564 677 3627 nescio
705 3581 747 3627 an
776 3563 876 3628 valde
899 3563 1038 3644 referat,
1068 3566 1107 3627 nt
1127 3582 1200 3644 cog·

95 3668 271 3729 noscatur.
318 3664 406 3728 Nam
435 3681 501 3744 quo
530 3665 640 3744 magis
667 3665 820 3728 moribus
847 3665 1081 3728 Romanorum
1110 3671 1201 3730 vete-

96 3766 193 3830 ribus
221 3767 263 3829 ad
292 3765 457 3829 mollitias
484 3765 680 3830 labentibus
708 3783 762 3829 ros
791 3766 911 3830 alienae
930 3765 1200 3846 invalescebant,

96 3884 138 3931 eo
167 3866 305 3930 facilius
323 3883 427 3929 voces
446 3866 635 3946 peregrinae
655 3869 910 3945 structuraeqne
927 3868 1075 3930 sermoni
1092 3869 1201 3931 veteri

95 3967 392 4031 irnmiscebantm·.
439 3966 636 4048 Saepissime
664 3971 782 4055 autem
810 3969 1008 4048 scriptores,
1030 3985 1116 4048 quos
1135 3987 1201 4033 non

96 4068 248 4148 amplius
276 4068 308 4130 in
337 4067 477 4131 dicendo
507 4085 588 4132 suos
616 4068 723 4132 fuisse
751 4069 920 4151 videmus
940 4069 1072 4149 priores
1087 4074 1202 4134 aucto-

95 4188 153 4234 res
176 4169 311 4232 imitari
332 4169 532 4250 studebant,
561 4169 798 4250 imprimisque
824 4170 888 4234 boe
907 4171 949 4234 ad
969 4171 1203 4250 eloquentiam

96 4275 133 4334 et
168 4271 209 4334 ad
243 4287 313 4353 soe,
343 4271 401 4349 qui
429 4270 661 4350 eloquentiam
690 4271 871 4353 docebant,
900 4273 1073 4352 pertinere
1101 4289 1202 4353 appa-
