2984 5192
328 435 370 492 98

285 606 365 670 XII:
387 607 471 685 313,
493 606 539 668 26
567 625 637 667 eum
664 613 786 688 tempus
812 605 980 668 admoneat
997 606 1174 668 meminisse
1183 607 1394 688 presentium

286 707 393 786 (Virg.
421 707 505 770 Hor.
534 705 620 770 Plin.
649 706 753 782 Tae.).

386 811 583 884 Asperum-i
610 807 754 885 singulis
781 805 866 871 Iocis
892 807 983 886 apud
1011 806 1088 870 Tac.
1115 807 1218 882 (Anu.
1239 805 1298 870 IV:
1320 808 1393 886 46),

286 908 377 974 Stat.
407 907 604 987 (Silere,
627 909 723 983 105.)
749 907 850 972 Mart.
879 907 950 984 (Vr
972 909 1032 987 64,
1052 907 1087 982 8)
1114 924 1192 970 cum
1219 906 1279 970 inf.
1304 908 1393 988 posi-

286 1014 361 1072 tum
395 1012 451 1072 est
482 1012 519 1072 et
544 1007 639 1072 VIII:
664 1009 745 1087 184,
766 1009 785 1070 2
810 1015 1004 1092 praestantes
1029 1009 1163 1071 seientia
1189 1008 1304 1070 medici
1329 1028 1393 1069 riou

285 1117 501 1195 aspernantur
531 1110 666 1172 uulnera
697 1111 854 1192 inspicere
864 1097 955 1193 'qum
986 1116 1115 1172 sanant.
1157 1107 1214 1171 Cfr
1241 1108 1391 1188 Draeger.

386 1316 528 1386 Cedere,
559 1312 581 1375 i.
607 1329 639 1390 q.
667 1312 783 1391 sinere,
809 1327 886 1374 eum
914 1327 985 1374 acc.
1014 1327 1043 1373 a.
1072 1309 1131 1373 int.
1160 1310 1319 1373 iunctum
1344 1311 1391 1372 in-

285 1412 453 1476 solentius
484 1412 677 1492 reperimus
708 1411 789 1474 XII:
810 1412 895 1489 311,
916 1412 961 1474 23
990 1431 1044 1474 aas
1065 1409 1226 1493 -quibus
1252 1410 1393 1473 seeundo

283 1533 352 1576 sors
380 1515 471 1576 cessit
488 1513 566 1576 dare
582 1512 706 1594 famam
722 1511 823 1576 rebus.
859 1510 960 1587 (Stat.
981 1511 1085 1574 Theb.
1101 1510 1127 1573 I:
1147 1512 1230 1590 704,
1246 1516 1391 1590 poster.)

290 1612 330 1675 Ut
357 1615 515 1692 sequitur
541 1614 614 1677 Liv.
643 1613 703 1677 VI:
724 1613 783 1693 42,
805 1613 838 1676 3.
866 1611 944 1676 Tae.
973 1613 1063 1674 Ann.
1091 1611 1172 1675 XII:
1193 1613 1252 1674 41.

384 1719 605 1792 Compellare
641 1731 719 1777 cum
755 1730 826 1778 aec.
860 1730 888 1776 c.
921 1712 980 1776 inf.
1005 1712 1100 1775 VIII:
1131 1713 1212 1790 191,
1234 1713 1281 1774 26
1315 1732 1391 1795 quas

283 1816 395 1899 inopia
421 1817 549 1878 latItare
571 1835 633 1898 per
658 1815 759 1877 saltus
786 1821 842 1876 aut
868 1815 963 1875 etiam
987 1815 1023 1874 iu
1050 1814 1181 1875 esitium
1198 1814 1245 1874 ire
1264 1833 1389 1896 cmnpu-

283 1917 374 1979 lerat.
416 1916 515 1979 Nom.
545 1933 573 1980 c.
601 1914 660 1978 inf.
688 1914 769 1978 XII:
791 1915 875 1993 293,
899 1915 942 1977 13
968 1913 1056 1995 ferre
1082 1914 1244 1996 compulsa
1264 1914 1389 1975 uiatori-

283 2037 334 2079 um
368 2015 506 2079 Massieni
532 2023 591 2092 (se.
613 2014 747 2091 Gallia).
777 2016 860 2092 296,
883 2016 928 2078 28
957 2015 1023 2076 uita
1049 2034 1114 2078 sese
1141 2013 1289 2076 abdicare
1311 2034 1389 2076 eenr-

281 2117 395 2200 putsus
422 2124 478 2180 est.
517 2116 592 2192 (Ov.
621 2116 703 2180 Luc.
733 2115 826 2179 Curi.
856 2115 951 2179 Suet.
980 2114 1122 2192 Justin.)
1163 2114 1219 2178 Cfr
1238 2115 1385 2194 Draeger.

383 2321 560 2394 Conquori
588 2335 616 2381 a.
637 2334 706 2380 acc,
727 2335 755 2380 e.
784 2317 843 2379 inf.
873 2316 936 2380 XI:
958 2318 1041 2396 255,
1063 2317 1109 2380 30
1129 2322 1251 2378 tautum
1266 2318 1387 2400 perisse

279 2419 436 2501 frumenti
475 2418 618 2481 certatim
656 2439 716 2500 pro
751 2437 784 2480 se
823 2419 953 2501 queisque
994 2417 1226 2501 conquerimur.
1277 2418 1387 2494 (Lucr.

282 2520 353 2584 Tib.
383 2519 493 2594 Suet.)

383 2624 577 2681 Consulero
604 2623 690 2680 boni
716 2619 775 2683 VI:
800 2620 881 2696 154,
905 2620 948 2682 19
969 2623 1005 2682 et
1022 2618 1103 2682 XII:
1125 2618 1278 2697 291,,16
1298 2619 1388 2694 (Ger-

282 2721 409 2796 manIa)
442 2720 515 2782 boni
549 2720 685 2783 consulit
719 2727 755 2782 ut
790 2722 939 2804 quiescat.
977 2723 1058 2782 Aac,
1085 2737 1113 2782 e.
1138 2717 1197 2782 inf.
1233 2720 1390 2798 sequitur

283 2822 371 2902 apud
400 2820 486 2884 Ptin.
517 2824 553 2883 et
581 2820 700 2884 Caton.
729 2820 850 2900 fragm.

383 2926 585 2983 Contentus
617 2937 695 2984 cum
722 2921 781 2984 inf.
810 2921 853 2984 II:
875 2921 933 3000 97,
956 2922 1002 2984 30
1031 2921 1200 3002 impetrare
1227 2939 1290 2981 non
1320 2939 1388 2982 eou-

282 3028 394 3085 tentus.
426 3021 502 3086 VII:
527 3023 608 3102 163,
630 3022 675 3084 24
705 3028 868 3084 contentus
895 3022 1021 3084 uixisse.
1050 3020 1130 3083 XII:
1152 3020 1236 3097 273,
1261 3020 1305 3083 15
1330 3041 1389 3103 per

281 3124 454 3185 sententias
480 3123 541 3186 isse
568 3129 597 3184 et
622 3123 764 3205 siueulas
790 3124 1013 3205 uniuersosque
1031 3121 1247 3203 perroqitusse
1266 3127 1387 3183 cauten-

281 3231 342 3287 tus.
373 3224 456 3302 282,
478 3223 522 3286 27
553 3243 616 3285 non
636 3229 798 3286 contentus
815 3225 883 3306 ipse
901 3224 988 3286 uttru
1006 3223 1085 3284 uitia
1103 3222 1277 3283 recessisse.
1305 3222 1385 3300 297,

283 3325 329 3387 20
356 3344 420 3387 nou
447 3324 583 3386 conteuti
610 3325 740 3387 miseras
766 3325 861 3386 unitis
888 3323 1036 3386 enutrisse
1059 3322 1278 3405 patrimoniis.
1313 3321 1385 3397 (Ov.

280 3425 368 3489 Vell.
398 3424 475 3489 Sen.
506 3424 599 3488 Cart.
627 3424 705 3488 Tae.
737 3423 832 3488 Suet.
854 3423 955 3500 0313.)
983 3423 1039 3487 Otr
1057 3423 1207 3501 Draeger.
1237 3421 1384 3486 11:379.
1474 3453 1475 3462 .

383 3530 598 3602 Contingere
626 3543 653 3588 a.
682 3524 741 3588 inf.
770 3525 830 3588 III:
856 3526 936 3603 105,
959 3524 1002 3587 27
1033 3524 1061 3586 si
1087 3523 1126 3585 ete
1152 3520 1278 3584 duabus
1297 3521 1387 3585 rebus

290 3665 319 3672 -·
337 3627 440 3688 eiicere
467 3625 544 3688 mihi
560 3663 591 3672 -
606 3627 782 3709 retinuerit.
815 3625 896 3704 114,
918 3626 961 3687 21
993 3623 1104 3708 quibus
1123 3643 1295 3706 numquam
1315 3643 1385 3686 eau-

281 3728 351 3810 77977
386 3747 450 3789 esse
486 3725 649 3790 Romanis.
688 3726 765 3790 VII:
790 3726 830 3788 17
838 3727 913 3806 3,6
950 3725 1005 3787 tibi
1040 3726 1097 3786 uni
1120 3723 1249 3806 eontiyit
1275 3723 1387 3786 trabere

280 3829 450 3891 euereitum
483 3829 667 3910 sapientem.
703 3826 783 3890 XII:
805 3827 888 3907 288,
911 3826 956 3888 29
992 3825 1044 3887 niu
1077 3827 1225 3908 cuiquam
1259 3825 1386 3907 eontiqit

280 3935 308 3991 et
335 3927 498 3991 abundare
522 3928 656 4008 fortuna
683 3935 712 3989 et
737 3927 880 4009 indiqere
907 3926 1095 4008 irroramur
1122 3925 1201 4003 (cie.
1222 3925 1327 3988 Areh.
1353 3927 1384 3988 4.
1473 3971 1474 4004 ss

280 4029 363 4092 Hor.
404 4028 492 4092 Vell.
531 4027 646 4107 Quint.
683 4027 760 4092 Vel.
796 4027 900 4102 Mas.)
950 4026 1005 4090 Cfr
1040 4026 1190 4106 Drseger.
1228 4024 1272 4088 II:
1303 4027 1383 4089 236.
1473 4017 1474 4086 r

280 4129 393 4193 Semel
429 4135 463 4191 ut
498 4130 655 4209 sequitur
690 4128 748 4192 IV:
781 4129 860 4207 129,
886 4128 928 4190 14
965 4126 1049 4210 quaet
1086 4128 1117 4188 iu
1154 4127 1270 4209 Aequo
1305 4127 1386 4189 mari

279 4232 371 4293 semet
399 4230 528 4313 eoutiyit
554 4236 589 4292 ut
607 4268 638 4276 -
656 4237 783 4313 repente
809 4229 916 4291 *insuta
943 4227 1040 4290 Delos
1066 4229 1200 4290 sisteret.
