<?xml version="1.0" encoding="UTF-8"?>
<!DOCTYPE html PUBLIC "-//W3C//DTD XHTML 1.0 Transitional//EN"
    "http://www.w3.org/TR/xhtml1/DTD/xhtml1-transitional.dtd">
<html xmlns="http://www.w3.org/1999/xhtml" xml:lang="en" lang="en">
 <head>
  <title>
</title>
<meta http-equiv="Content-Type" content="text/html;charset=utf-8" />
  <meta name='ocr-system' content='tesseract 3.04.00' />
  <meta name='ocr-capabilities' content='ocr_page ocr_carea ocr_par ocr_line ocrx_word'/>
</head>
<body>
  <div class='ocr_page' id='page_1' title='image "./deelocutionepan01chrugoog/deelocutionepan01chrugoog_0060.png"; bbox 0 0 2970 5184; ppageno 0'>
   <div class='ocr_carea' id='block_1_1' title="bbox 308 432 347 490">
    <p class='ocr_par' dir='ltr' id='par_1_1' title="bbox 308 432 347 490">
     <span class='ocr_line' id='line_1_1' title="bbox 308 432 347 490; baseline -0.051 0"><span class='ocrx_word' id='word_1_1' title='bbox 308 432 347 490; x_wconf 81' lang='lat'><em>56</em></span> 
     </span>
    </p>
   </div>
   <div class='ocr_carea' id='block_1_2' title="bbox 265 601 1372 886">
    <p class='ocr_par' dir='ltr' id='par_1_2' title="bbox 265 601 1372 886">
     <span class='ocr_line' id='line_1_2' title="bbox 265 601 1372 684; baseline 0.004 -18"><span class='ocrx_word' id='word_1_2' title='bbox 265 620 337 668; x_wconf 81' lang='lat' dir='ltr'><em>rein</em></span> <span class='ocrx_word' id='word_1_3' title='bbox 372 603 534 684; x_wconf 83' lang='lat' dir='ltr'><em>explicat.</em></span> <span class='ocrx_word' id='word_1_4' title='bbox 573 603 687 668; x_wconf 83' lang='lat' dir='ltr'><em>Etiam</em></span> <span class='ocrx_word' id='word_1_5' title='bbox 715 603 804 683; x_wconf 87' lang='lat' dir='ltr'><em>apud</em></span> <span class='ocrx_word' id='word_1_6' title='bbox 834 601 900 668; x_wconf 83' lang='lat' dir='ltr'><em>Cic.</em></span> <span class='ocrx_word' id='word_1_7' title='bbox 930 605 1037 670; x_wconf 82' lang='lat' dir='ltr'><em>verta</em></span> <span class='ocrx_word' id='word_1_8' title='bbox 1065 618 1143 683; x_wconf 86' lang='lat' dir='ltr'><em>quas</em></span> <span class='ocrx_word' id='word_1_9' title='bbox 1170 607 1253 670; x_wconf 85' lang='lat' dir='ltr'><em>sunt</em></span> <span class='ocrx_word' id='word_1_10' title='bbox 1280 623 1372 672; x_wconf 88' lang='lat' dir='ltr'><em>sano-</em></span> 
     </span>
     <span class='ocr_line' id='line_1_3' title="bbox 266 704 1370 798; baseline 0.004 -30"><span class='ocrx_word' id='word_1_11' title='bbox 266 709 324 768; x_wconf 90' lang='lat' dir='ltr'><em>tus</em></span> <span class='ocrx_word' id='word_1_12' title='bbox 357 708 393 768; x_wconf 90' lang='grc'><em>61</em></span> <span class='ocrx_word' id='word_1_13' title='bbox 421 704 602 798; x_wconf 82' lang='lat' dir='ltr'><em>religiosus</em></span> <span class='ocrx_word' id='word_1_14' title='bbox 635 704 791 768; x_wconf 80' lang='grc'><em>1616166</em></span> <span class='ocrx_word' id='word_1_15' title='bbox 820 705 1087 787; x_wconf 83' lang='lat' dir='ltr'><em>coniunguntur,</em></span> <span class='ocrx_word' id='word_1_16' title='bbox 1115 708 1171 772; x_wconf 92' lang='lat' dir='ltr'><em>ut:</em></span> <span class='ocrx_word' id='word_1_17' title='bbox 1202 706 1370 787; x_wconf 85' lang='lat' dir='ltr'><em>templum</em></span> 
     </span>
     <span class='ocr_line' id='line_1_4' title="bbox 266 805 726 886; baseline 0.002 -19"><span class='ocrx_word' id='word_1_18' title='bbox 266 808 426 869; x_wconf 87' lang='lat' dir='ltr'><em>sanctum</em></span> <span class='ocrx_word' id='word_1_19' title='bbox 453 809 490 870; x_wconf 90' lang='grc'><em>61</em></span> <span class='ocrx_word' id='word_1_20' title='bbox 516 805 726 886; x_wconf 84' lang='lat' dir='ltr'><em>religiosum.</em></span> 
     </span>
    </p>
   </div>
   <div class='ocr_carea' id='block_1_3' title="bbox 265 923 1377 1407">
    <p class='ocr_par' dir='ltr' id='par_1_3' title="bbox 265 923 1377 1407">
     <span class='ocr_line' id='line_1_5' title="bbox 366 923 1372 1006; baseline 0.004 -21"><span class='ocrx_word' id='word_1_21' title='bbox 366 927 558 997; x_wconf 80' lang='lat' dir='ltr'><em>Reluotari,</em></span> <span class='ocrx_word' id='word_1_22' title='bbox 587 923 678 1002; x_wconf 87' lang='lat' dir='ltr'><em>quod</em></span> <span class='ocrx_word' id='word_1_23' title='bbox 705 924 850 987; x_wconf 81' lang='lat' dir='ltr'><em>verbum</em></span> <span class='ocrx_word' id='word_1_24' title='bbox 878 925 1062 1003; x_wconf 84' lang='lat' dir='ltr'><em>poetarum</em></span> <span class='ocrx_word' id='word_1_25' title='bbox 1090 926 1126 988; x_wconf 86' lang='lat' dir='ltr'><em>ot</em></span> <span class='ocrx_word' id='word_1_26' title='bbox 1153 924 1273 1005; x_wconf 78' lang='lat' dir='ltr'>script.</span> <span class='ocrx_word' id='word_1_27' title='bbox 1302 942 1372 1006; x_wconf 84' lang='lat' dir='ltr'><em>arg.</em></span> 
     </span>
     <span class='ocr_line' id='line_1_6' title="bbox 266 1022 1374 1106; baseline 0.002 -18"><span class='ocrx_word' id='word_1_28' title='bbox 266 1028 323 1088; x_wconf 88' lang='grc'><em>661.</em></span> <span class='ocrx_word' id='word_1_29' title='bbox 351 1025 528 1105; x_wconf 85' lang='lat' dir='ltr'><em>proprium</em></span> <span class='ocrx_word' id='word_1_30' title='bbox 562 1027 628 1105; x_wconf 85' lang='lat' dir='ltr'><em>cst,</em></span> <span class='ocrx_word' id='word_1_31' title='bbox 661 1022 833 1087; x_wconf 88' lang='lat' dir='ltr'><em>translato</em></span> <span class='ocrx_word' id='word_1_32' title='bbox 860 1023 985 1087; x_wconf 90' lang='lat' dir='ltr'><em>dicitur</em></span> <span class='ocrx_word' id='word_1_33' title='bbox 1011 1023 1092 1090; x_wconf 87' lang='lat' dir='ltr'>XII:</span> <span class='ocrx_word' id='word_1_34' title='bbox 1114 1025 1198 1106; x_wconf 85' lang='grc'><strong>283,</strong></span> <span class='ocrx_word' id='word_1_35' title='bbox 1220 1025 1265 1089; x_wconf 90' lang='grc'><em>27</em></span> <span class='ocrx_word' id='word_1_36' title='bbox 1296 1027 1374 1090; x_wconf 83' lang='lat' dir='ltr'><em>cibis</em></span> 
     </span>
     <span class='ocr_line' id='line_1_7' title="bbox 275 1123 1372 1206; baseline 0.002 -18"><span class='ocrx_word' id='word_1_37' title='bbox 275 1161 305 1172; x_wconf 90' lang='lat'><em>-</em></span> <span class='ocrx_word' id='word_1_38' title='bbox 322 1143 404 1206; x_wconf 75' lang='lat' dir='ltr'><em>qnos</em></span> <span class='ocrx_word' id='word_1_39' title='bbox 434 1126 547 1189; x_wconf 83' lang='lat' dir='ltr'><em>invitae</em></span> <span class='ocrx_word' id='word_1_40' title='bbox 574 1123 819 1204; x_wconf 75' lang='lat' dir='ltr'><em>quodamnodo</em></span> <span class='ocrx_word' id='word_1_41' title='bbox 845 1125 1085 1206; x_wconf 76' lang='lat' dir='ltr'><em>reluctantique</em></span> <span class='ocrx_word' id='word_1_42' title='bbox 1111 1130 1247 1190; x_wconf 87' lang='lat' dir='ltr'><em>natarae</em></span> <span class='ocrx_word' id='word_1_43' title='bbox 1273 1127 1372 1190; x_wconf 80' lang='lat' dir='ltr'><em>leani-</em></span> 
     </span>
     <span class='ocr_line' id='line_1_8' title="bbox 265 1224 1377 1308; baseline 0.001 -19"><span class='ocrx_word' id='word_1_44' title='bbox 265 1244 349 1290; x_wconf 85' lang='lat' dir='ltr'><em>nain</em></span> <span class='ocrx_word' id='word_1_45' title='bbox 374 1227 501 1307; x_wconf 78' lang='lat' dir='ltr'><em>pericla</em></span> <span class='ocrx_word' id='word_1_46' title='bbox 526 1227 732 1306; x_wconf 74' lang='lat' dir='ltr'><em>rapuissent.</em></span> <span class='ocrx_word' id='word_1_47' title='bbox 772 1224 870 1302; x_wconf 81' lang='lat' dir='ltr'><em>(Ptin.</em></span> <span class='ocrx_word' id='word_1_48' title='bbox 899 1242 978 1306; x_wconf 87' lang='lat' dir='ltr'><em>pan.</em></span> <span class='ocrx_word' id='word_1_49' title='bbox 1001 1227 1058 1308; x_wconf 85' lang='grc'><em>55,</em></span> <span class='ocrx_word' id='word_1_50' title='bbox 1083 1227 1152 1304; x_wconf 86' lang='grc'><em>18.)</em></span> <span class='ocrx_word' id='word_1_51' title='bbox 1187 1227 1321 1292; x_wconf 83' lang='lat' dir='ltr'><em>Invitas</em></span> <span class='ocrx_word' id='word_1_52' title='bbox 1338 1230 1377 1292; x_wconf 88' lang='grc'><em>61</em></span> 
     </span>
     <span class='ocr_line' id='line_1_9' title="bbox 266 1323 1008 1407; baseline -0.003 -15"><span class='ocrx_word' id='word_1_53' title='bbox 266 1330 449 1394; x_wconf 83' lang='lat' dir='ltr'><em>relnctatns</em></span> <span class='ocrx_word' id='word_1_54' title='bbox 475 1327 729 1406; x_wconf 86' lang='lat' dir='ltr'><em>coniunguntur</em></span> <span class='ocrx_word' id='word_1_55' title='bbox 754 1323 843 1390; x_wconf 84' lang='lat' dir='ltr'><em>Veli.</em></span> <span class='ocrx_word' id='word_1_56' title='bbox 869 1327 1008 1407; x_wconf 89' lang='grc'><em>2,102.</em></span> 
     </span>
    </p>
   </div>
   <div class='ocr_carea' id='block_1_4' title="bbox 263 1443 1466 2435">
    <p class='ocr_par' dir='ltr' id='par_1_4' title="bbox 263 1443 1467 2464">
     <span class='ocr_line' id='line_1_10' title="bbox 366 1443 1373 1522; baseline 0 -14"><span class='ocrx_word' id='word_1_57' title='bbox 366 1450 540 1508; x_wconf 81' lang='lat' dir='ltr'><em>Ronidoro</em></span> <span class='ocrx_word' id='word_1_58' title='bbox 572 1445 717 1509; x_wconf 88' lang='lat' dir='ltr'><em>verbum</em></span> <span class='ocrx_word' id='word_1_59' title='bbox 750 1443 821 1507; x_wconf 85' lang='lat' dir='ltr'><em>fere</em></span> <span class='ocrx_word' id='word_1_60' title='bbox 852 1443 1027 1522; x_wconf 83' lang='lat' dir='ltr'><em>poeticam</em></span> <span class='ocrx_word' id='word_1_61' title='bbox 1055 1447 1111 1508; x_wconf 85' lang='lat' dir='ltr'><em>est</em></span> <span class='ocrx_word' id='word_1_62' title='bbox 1137 1447 1174 1508; x_wconf 89' lang='grc'><em>61</em></span> <span class='ocrx_word' id='word_1_63' title='bbox 1200 1445 1313 1510; x_wconf 87' lang='lat' dir='ltr'><em>rarius</em></span> <span class='ocrx_word' id='word_1_64' title='bbox 1339 1446 1373 1509; x_wconf 90' lang='lat' dir='ltr'><em>in</em></span> 
     </span>
     <span class='ocr_line' id='line_1_11' title="bbox 268 1543 1370 1627; baseline -0.001 -16"><span class='ocrx_word' id='word_1_65' title='bbox 268 1548 423 1612; x_wconf 86' lang='lat' dir='ltr'><em>oratione</em></span> <span class='ocrx_word' id='word_1_66' title='bbox 451 1547 567 1612; x_wconf 90' lang='lat' dir='ltr'><em>soluta</em></span> <span class='ocrx_word' id='word_1_67' title='bbox 593 1544 768 1609; x_wconf 86' lang='lat' dir='ltr'><em>invenitur</em></span> <span class='ocrx_word' id='word_1_68' title='bbox 794 1543 897 1623; x_wconf 77' lang='lat' dir='ltr'><em>(apud</em></span> <span class='ocrx_word' id='word_1_69' title='bbox 921 1543 995 1609; x_wconf 91' lang='lat' dir='ltr'><em>Liv.</em></span> <span class='ocrx_word' id='word_1_70' title='bbox 1011 1543 1089 1609; x_wconf 80' lang='lat' dir='ltr'><em>Tac.</em></span> <span class='ocrx_word' id='word_1_71' title='bbox 1110 1546 1225 1609; x_wconf 75' lang='lat' dir='ltr'><em>Amin.</em></span> <span class='ocrx_word' id='word_1_72' title='bbox 1241 1545 1370 1627; x_wconf 75' lang='lat' dir='ltr'><em>Aput).</em></span> 
     </span>
     <span class='ocr_line' id='line_1_12' title="bbox 264 1645 1370 1730; baseline -0.001 -18"><span class='ocrx_word' id='word_1_73' title='bbox 264 1649 327 1714; x_wconf 86' lang='lat' dir='ltr'><em>XI:</em></span> <span class='ocrx_word' id='word_1_74' title='bbox 360 1650 443 1730; x_wconf 91' lang='grc'><strong>255,</strong></span> <span class='ocrx_word' id='word_1_75' title='bbox 476 1648 522 1711; x_wconf 85' lang='grc'><em>31</em></span> <span class='ocrx_word' id='word_1_76' title='bbox 563 1646 740 1710; x_wconf 81' lang='grc'><em>1666611666</em></span> <span class='ocrx_word' id='word_1_77' title='bbox 777 1645 963 1724; x_wconf 74' lang='lat' dir='ltr'><em>inperator</em></span> <span class='ocrx_word' id='word_1_78' title='bbox 1001 1663 1158 1709; x_wconf 82' lang='lat' dir='ltr'><em>serenant</em></span> <span class='ocrx_word' id='word_1_79' title='bbox 1202 1647 1370 1711; x_wconf 72' lang='lat' dir='ltr'><em>renidens.</em></span> 
     </span>
     <span class='ocr_line' id='line_1_13' title="bbox 264 1745 1370 1829; baseline -0.003 -16"><span class='ocrx_word' id='word_1_80' title='bbox 264 1749 461 1814; x_wconf 82' lang='lat' dir='ltr'><em>Verisimile</em></span> <span class='ocrx_word' id='word_1_81' title='bbox 489 1751 545 1813; x_wconf 86' lang='lat' dir='ltr'><em>ost</em></span> <span class='ocrx_word' id='word_1_82' title='bbox 571 1747 663 1811; x_wconf 82' lang='lat' dir='ltr'><em>idern</em></span> <span class='ocrx_word' id='word_1_83' title='bbox 690 1745 832 1810; x_wconf 84' lang='lat' dir='ltr'><em>verbum</em></span> <span class='ocrx_word' id='word_1_84' title='bbox 858 1746 1027 1826; x_wconf 85' lang='lat' dir='ltr'><em>scriptum</em></span> <span class='ocrx_word' id='word_1_85' title='bbox 1053 1762 1131 1810; x_wconf 84' lang='lat' dir='ltr'><em>esse</em></span> <span class='ocrx_word' id='word_1_86' title='bbox 1150 1745 1195 1810; x_wconf 86' lang='lat' dir='ltr'><em>X:</em></span> <span class='ocrx_word' id='word_1_87' title='bbox 1213 1748 1298 1829; x_wconf 80' lang='lat'>240,</span> <span class='ocrx_word' id='word_1_88' title='bbox 1329 1749 1370 1812; x_wconf 80' lang='lat'><em>14</em></span> 
     </span>
     <span class='ocr_line' id='line_1_14' title="bbox 263 1846 1372 1930; baseline -0.002 -15"><span class='ocrx_word' id='word_1_89' title='bbox 263 1853 392 1915; x_wconf 84' lang='lat' dir='ltr'><em>enltnin</em></span> <span class='ocrx_word' id='word_1_90' title='bbox 427 1852 540 1930; x_wconf 76' lang='lat' dir='ltr'><em>incarn</em></span> <span class='ocrx_word' id='word_1_91' title='bbox 571 1848 709 1928; x_wconf 70' lang='lat' dir='ltr'><em>ananeli</em></span> <span class='ocrx_word' id='word_1_92' title='bbox 747 1846 876 1910; x_wconf 83' lang='lat' dir='ltr'><em>decoris</em></span> <span class='ocrx_word' id='word_1_93' title='bbox 907 1848 1083 1927; x_wconf 67' lang='lat' dir='ltr'><em>enaritate,</em></span> <span class='ocrx_word' id='word_1_94' title='bbox 1116 1847 1289 1913; x_wconf 75' lang='lat' dir='ltr'><em>hilaritate</em></span> <span class='ocrx_word' id='word_1_95' title='bbox 1315 1849 1372 1913; x_wconf 82' lang='lat' dir='ltr'><em>acl-</em></span> 
     </span>
     <span class='ocr_line' id='line_1_15' title="bbox 263 1947 1465 2033; baseline -0.001 -19"><span class='ocrx_word' id='word_1_96' title='bbox 263 1953 382 2033; x_wconf 86' lang='lat' dir='ltr'><em>nn&#39;nta,</em></span> <span class='ocrx_word' id='word_1_97' title='bbox 410 1949 642 2014; x_wconf 78' lang='lat' dir='ltr'><em>venerandam</em></span> <span class='ocrx_word' id='word_1_98' title='bbox 668 1947 1277 2032; x_wconf 73' lang='grc'><em>6616161661616665116666161661616,</em></span> <span class='ocrx_word' id='word_1_99' title='bbox 1298 1952 1377 2030; x_wconf 81' lang='lat' dir='ltr'><em>qais</em></span> <span class='ocrx_word' id='word_1_100' title='bbox 1464 1955 1465 1968; x_wconf 58' lang='lat'><em>*</em></span> 
     </span>
     <span class='ocr_line' id='line_1_16' title="bbox 263 2047 1370 2134; baseline -0.002 -18"><span class='ocrx_word' id='word_1_101' title='bbox 263 2053 362 2134; x_wconf 70' lang='lat' dir='ltr'><em>aliane</em></span> <span class='ocrx_word' id='word_1_102' title='bbox 389 2052 524 2132; x_wconf 80' lang='lat' dir='ltr'><em>enseqni</em></span> <span class='ocrx_word' id='word_1_103' title='bbox 545 2050 675 2131; x_wconf 74' lang='lat' dir='ltr'><em>possit?</em></span> <span class='ocrx_word' id='word_1_104' title='bbox 708 2048 809 2112; x_wconf 90' lang='lat' dir='ltr'><em>Hanc</em></span> <span class='ocrx_word' id='word_1_105' title='bbox 835 2047 1019 2112; x_wconf 81' lang='lat' dir='ltr'><em>lectionem</em></span> <span class='ocrx_word' id='word_1_106' title='bbox 1045 2048 1119 2113; x_wconf 88' lang='lat' dir='ltr'><em>edd.</em></span> <span class='ocrx_word' id='word_1_107' title='bbox 1140 2049 1270 2114; x_wconf 90' lang='lat' dir='ltr'><em>habent</em></span> <span class='ocrx_word' id='word_1_108' title='bbox 1288 2068 1370 2131; x_wconf 83' lang='lat' dir='ltr'><em>praa·</em></span> 
     </span>
     <span class='ocr_line' id='line_1_17' title="bbox 264 2147 1466 2231; baseline -0.003 -13"><span class='ocrx_word' id='word_1_109' title='bbox 264 2159 317 2218; x_wconf 86' lang='lat' dir='ltr'><em>tor</em></span> <span class='ocrx_word' id='word_1_110' title='bbox 344 2152 594 2231; x_wconf 85' lang='lat' dir='ltr'><em>Baehrensium‚</em></span> <span class='ocrx_word' id='word_1_111' title='bbox 623 2150 681 2229; x_wconf 90' lang='lat' dir='ltr'><em>qui</em></span> <span class='ocrx_word' id='word_1_112' title='bbox 709 2147 843 2229; x_wconf 85' lang='lat' dir='ltr'><em>acecpit</em></span> <span class='ocrx_word' id='word_1_113' title='bbox 870 2147 1054 2213; x_wconf 84' lang='lat' dir='ltr'><em>lectionem</em></span> <span class='ocrx_word' id='word_1_114' title='bbox 1082 2149 1195 2214; x_wconf 73' lang='lat' dir='ltr'><em>coda:</em></span> <span class='ocrx_word' id='word_1_115' title='bbox 1223 2151 1370 2216; x_wconf 77' lang='grc'><em>1661166-</em></span> <span class='ocrx_word' id='word_1_116' title='bbox 1465 2159 1466 2224; x_wconf 66' lang='lat' dir='ltr'><em>t</em></span> 
     </span>
     <span class='ocr_line' id='line_1_18' title="bbox 263 2249 1371 2333; baseline -0.003 -14"><span class='ocrx_word' id='word_1_117' title='bbox 263 2261 335 2319; x_wconf 81' lang='lat' dir='ltr'><em>torn</em></span> <span class='ocrx_word' id='word_1_118' title='bbox 363 2254 532 2333; x_wconf 75' lang='lat' dir='ltr'><em>(remitae),</em></span> <span class='ocrx_word' id='word_1_119' title='bbox 562 2251 651 2330; x_wconf 87' lang='lat' dir='ltr'><em>quod</em></span> <span class='ocrx_word' id='word_1_120' title='bbox 680 2251 825 2314; x_wconf 85' lang='lat' dir='ltr'><em>verbum</em></span> <span class='ocrx_word' id='word_1_121' title='bbox 853 2250 1030 2314; x_wconf 83' lang='lat' dir='ltr'><em>rarissime</em></span> <span class='ocrx_word' id='word_1_122' title='bbox 1058 2250 1148 2332; x_wconf 85' lang='lat' dir='ltr'><em>apud</em></span> <span class='ocrx_word' id='word_1_123' title='bbox 1167 2249 1274 2316; x_wconf 88' lang='lat' dir='ltr'><em>Prisc.</em></span> <span class='ocrx_word' id='word_1_124' title='bbox 1291 2254 1371 2316; x_wconf 87' lang='lat' dir='ltr'><em>Am-</em></span> 
     </span>
     <span class='ocr_line' id='line_1_19' title="bbox 263 2351 826 2435; baseline -0.012 -15"><span class='ocrx_word' id='word_1_125' title='bbox 263 2358 353 2434; x_wconf 78' lang='lat' dir='ltr'><em>bros.</em></span> <span class='ocrx_word' id='word_1_126' title='bbox 383 2354 502 2435; x_wconf 82' lang='lat' dir='ltr'><em>script.</em></span> <span class='ocrx_word' id='word_1_127' title='bbox 532 2352 613 2417; x_wconf 87' lang='lat' dir='ltr'><em>eccl.</em></span> <span class='ocrx_word' id='word_1_128' title='bbox 643 2351 826 2431; x_wconf 85' lang='lat' dir='ltr'><em>reperitur.</em></span> 
     </span>
    </p>
   </div>
   <div class='ocr_carea' id='block_1_5' title="bbox 363 2467 1467 2550">
    <p class='ocr_par' dir='ltr' id='par_1_5' title="bbox 363 2467 1467 2550">
     <span class='ocr_line' id='line_1_20' title="bbox 363 2467 1467 2550; baseline -0.002 -14"><span class='ocrx_word' id='word_1_129' title='bbox 363 2473 587 2550; x_wconf 82' lang='lat' dir='ltr'><em>Reparabilis</em></span> <span class='ocrx_word' id='word_1_130' title='bbox 619 2486 688 2534; x_wconf 85' lang='lat' dir='ltr'><em>vox</em></span> <span class='ocrx_word' id='word_1_131' title='bbox 724 2469 861 2549; x_wconf 87' lang='lat' dir='ltr'><em>poetica</em></span> <span class='ocrx_word' id='word_1_132' title='bbox 892 2467 955 2534; x_wconf 85' lang='lat' dir='ltr'><em>IX:</em></span> <span class='ocrx_word' id='word_1_133' title='bbox 982 2469 1066 2549; x_wconf 90' lang='grc'><strong>202,</strong></span> <span class='ocrx_word' id='word_1_134' title='bbox 1087 2469 1133 2531; x_wconf 92' lang='grc'><em>25</em></span> <span class='ocrx_word' id='word_1_135' title='bbox 1167 2486 1241 2549; x_wconf 82' lang='lat' dir='ltr'><em>qna</em></span> <span class='ocrx_word' id='word_1_136' title='bbox 1274 2474 1374 2534; x_wconf 91' lang='lat' dir='ltr'><em>erant</em></span> <span class='ocrx_word' id='word_1_137' title='bbox 1466 2467 1467 2470; x_wconf 72' lang='grc'>’</span> 
     </span>
    </p>
   </div>
   <div class='ocr_carea' id='block_1_6' title="bbox 263 2569 1468 2753">
    <p class='ocr_par' dir='ltr' id='par_1_6' title="bbox 263 2569 1468 2753">
     <span class='ocr_line' id='line_1_21' title="bbox 263 2569 1370 2656; baseline -0.003 -17"><span class='ocrx_word' id='word_1_138' title='bbox 263 2574 471 2656; x_wconf 79' lang='lat' dir='ltr'><em>reparabilia</em></span> <span class='ocrx_word' id='word_1_139' title='bbox 494 2571 644 2651; x_wconf 74' lang='lat' dir='ltr'><em>conflasti</em></span> <span class='ocrx_word' id='word_1_140' title='bbox 671 2575 873 2648; x_wconf 77' lang='lat' dir='ltr'><em>(Saarna).</em></span> <span class='ocrx_word' id='word_1_141' title='bbox 914 2569 1040 2636; x_wconf 86' lang='lat' dir='ltr'><em>Paucis</em></span> <span class='ocrx_word' id='word_1_142' title='bbox 1066 2569 1152 2635; x_wconf 87' lang='lat' dir='ltr'><em>locis</em></span> <span class='ocrx_word' id='word_1_143' title='bbox 1179 2571 1270 2652; x_wconf 83' lang='lat' dir='ltr'><em>apud</em></span> <span class='ocrx_word' id='word_1_144' title='bbox 1290 2571 1370 2636; x_wconf 79' lang='lat' dir='ltr'><em>Son.</em></span> 
     </span>
     <span class='ocr_line' id='line_1_22' title="bbox 263 2675 1468 2753; baseline -0.02 -13"><span class='ocrx_word' id='word_1_145' title='bbox 263 2681 299 2740; x_wconf 96' lang='grc'><em>61</em></span> <span class='ocrx_word' id='word_1_146' title='bbox 324 2676 440 2739; x_wconf 81' lang='lat' dir='ltr'><em>Amin.</em></span> <span class='ocrx_word' id='word_1_147' title='bbox 469 2675 669 2753; x_wconf 88' lang='lat' dir='ltr'><em>usurpatur.</em></span> <span class='ocrx_word' id='word_1_148' title='bbox 1467 2703 1468 2716; x_wconf 70' lang='grc'><em>.</em></span> 
     </span>
    </p>
   </div>
   <div class='ocr_carea' id='block_1_7' title="bbox 363 2789 1375 2871">
    <p class='ocr_par' dir='ltr' id='par_1_7' title="bbox 363 2789 1375 2871">
     <span class='ocr_line' id='line_1_23' title="bbox 363 2789 1375 2871; baseline -0.003 -16"><span class='ocrx_word' id='word_1_149' title='bbox 363 2798 567 2871; x_wconf 71' lang='grc'><em>1166666666</em></span> <span class='ocrx_word' id='word_1_150' title='bbox 598 2789 662 2854; x_wconf 88' lang='lat' dir='ltr'><em>XI:</em></span> <span class='ocrx_word' id='word_1_151' title='bbox 689 2789 772 2869; x_wconf 83' lang='grc'><strong>259,</strong></span> <span class='ocrx_word' id='word_1_152' title='bbox 801 2789 816 2852; x_wconf 94' lang='grc'><em>1</em></span> <span class='ocrx_word' id='word_1_153' title='bbox 853 2805 966 2852; x_wconf 77' lang='lat' dir='ltr'><em>cencies</em></span> <span class='ocrx_word' id='word_1_154' title='bbox 992 2789 1030 2852; x_wconf 91' lang='lat' dir='ltr'><em>in</em></span> <span class='ocrx_word' id='word_1_155' title='bbox 1056 2789 1193 2852; x_wconf 81' lang='lat' dir='ltr'><em>enienelc</em></span> <span class='ocrx_word' id='word_1_156' title='bbox 1218 2789 1375 2854; x_wconf 83' lang='lat' dir='ltr'><em>cidenas</em></span> 
     </span>
    </p>
   </div>
   <div class='ocr_carea' id='block_1_8' title="bbox 249 2891 1369 3074">
    <p class='ocr_par' dir='ltr' id='par_1_8' title="bbox 249 2891 1369 3074">
     <span class='ocr_line' id='line_1_24' title="bbox 261 2891 1369 2976; baseline -0.002 -20"><span class='ocrx_word' id='word_1_157' title='bbox 261 2893 467 2976; x_wconf 76' lang='lat' dir='ltr'><em>repensandi</em></span> <span class='ocrx_word' id='word_1_158' title='bbox 489 2892 618 2972; x_wconf 72' lang='lat' dir='ltr'><em>silacia</em></span> <span class='ocrx_word' id='word_1_159' title='bbox 643 2907 768 2969; x_wconf 70' lang='lat' dir='ltr'><em>nanno</em></span> <span class='ocrx_word' id='word_1_160' title='bbox 793 2893 958 2969; x_wconf 81' lang='lat' dir='ltr'><em>erectoqne</em></span> <span class='ocrx_word' id='word_1_161' title='bbox 972 2891 1088 2954; x_wconf 79' lang='lat' dir='ltr'><em>aninlo</em></span> <span class='ocrx_word' id='word_1_162' title='bbox 1105 2906 1234 2954; x_wconf 88' lang='lat' dir='ltr'><em>anrnni</em></span> <span class='ocrx_word' id='word_1_163' title='bbox 1253 2908 1369 2971; x_wconf 73' lang='lat' dir='ltr'><em>arqen-</em></span> 
     </span>
     <span class='ocr_line' id='line_1_25' title="bbox 249 2990 1368 3074; baseline -0.003 -15"><span class='ocrx_word' id='word_1_164' title='bbox 249 2999 396 3074; x_wconf 48' lang='lat' dir='ltr'><em>,tntaque</em></span> <span class='ocrx_word' id='word_1_165' title='bbox 431 2995 634 3074; x_wconf 77' lang='lat' dir='ltr'><em>depromere.</em></span> <span class='ocrx_word' id='word_1_166' title='bbox 687 2990 764 3055; x_wconf 87' lang='lat' dir='ltr'><em>Non</em></span> <span class='ocrx_word' id='word_1_167' title='bbox 799 3007 892 3072; x_wconf 81' lang='lat' dir='ltr'><em>saepo</em></span> <span class='ocrx_word' id='word_1_168' title='bbox 930 2991 1021 3072; x_wconf 85' lang='lat' dir='ltr'><em>apud</em></span> <span class='ocrx_word' id='word_1_169' title='bbox 1057 2990 1135 3055; x_wconf 81' lang='lat' dir='ltr'><em>Son.</em></span> <span class='ocrx_word' id='word_1_170' title='bbox 1174 2990 1243 3055; x_wconf 82' lang='lat' dir='ltr'><em>Col.</em></span> <span class='ocrx_word' id='word_1_171' title='bbox 1279 2991 1368 3057; x_wconf 83' lang='lat' dir='ltr'><em>Veli.</em></span> 
     </span>
    </p>
   </div>
   <div class='ocr_carea' id='block_1_9' title="bbox 262 3095 1372 3292">
    <p class='ocr_par' dir='ltr' id='par_1_9' title="bbox 262 3095 1372 3292">
     <span class='ocr_line' id='line_1_26' title="bbox 262 3095 443 3160; baseline 0.011 -2"><span class='ocrx_word' id='word_1_172' title='bbox 262 3113 298 3160; x_wconf 86' lang='lat' dir='ltr'><em>ro</em></span> <span class='ocrx_word' id='word_1_173' title='bbox 325 3095 443 3160; x_wconf 80' lang='lat' dir='ltr'><em>oritur.</em></span> 
     </span>
     <span class='ocr_line' id='line_1_27' title="bbox 300 3115 1372 3292; baseline 0 -18"><span class='ocrx_word' id='word_1_174' title='bbox 300 3115 321 3178; x_wconf 74' lang='lat' dir='ltr'>p</span> <span class='ocrx_word' id='word_1_175' title='bbox 361 3216 572 3290; x_wconf 81' lang='lat' dir='ltr'><em>Repositum</em></span> <span class='ocrx_word' id='word_1_176' title='bbox 599 3209 812 3274; x_wconf 76' lang='lat' dir='ltr'><em>substantivi</em></span> <span class='ocrx_word' id='word_1_177' title='bbox 838 3208 913 3272; x_wconf 88' lang='grc'><em>1666</em></span> <span class='ocrx_word' id='word_1_178' title='bbox 933 3211 1122 3288; x_wconf 84' lang='lat' dir='ltr'><em>usurpatur</em></span> <span class='ocrx_word' id='word_1_179' title='bbox 1144 3209 1225 3273; x_wconf 88' lang='lat' dir='ltr'>XII:</span> <span class='ocrx_word' id='word_1_180' title='bbox 1247 3210 1331 3292; x_wconf 89' lang='grc'><strong>280,</strong></span> <span class='ocrx_word' id='word_1_181' title='bbox 1348 3211 1372 3274; x_wconf 79' lang='grc'>9</span> 
     </span>
    </p>
   </div>
   <div class='ocr_carea' id='block_1_10' title="bbox 261 3310 1385 3495">
    <p class='ocr_par' dir='ltr' id='par_1_10' title="bbox 261 3310 1385 3495">
     <span class='ocr_line' id='line_1_28' title="bbox 261 3310 1371 3403; baseline -0.001 -26"><span class='ocrx_word' id='word_1_182' title='bbox 261 3315 402 3394; x_wconf 77' lang='lat' dir='ltr'><em>reposito</em></span> <span class='ocrx_word' id='word_1_183' title='bbox 424 3313 513 3394; x_wconf 81' lang='lat' dir='ltr'><em>frat,</em></span> <span class='ocrx_word' id='word_1_184' title='bbox 542 3312 574 3375; x_wconf 90' lang='lat' dir='ltr'><em>h.</em></span> <span class='ocrx_word' id='word_1_185' title='bbox 600 3328 629 3375; x_wconf 90' lang='grc'><em>6.</em></span> <span class='ocrx_word' id='word_1_186' title='bbox 658 3329 697 3374; x_wconf 87' lang='lat' dir='ltr'><em>ea</em></span> <span class='ocrx_word' id='word_1_187' title='bbox 723 3329 761 3374; x_wconf 84' lang='lat' dir='ltr'><em>re</em></span> <span class='ocrx_word' id='word_1_188' title='bbox 787 3328 862 3392; x_wconf 77' lang='lat' dir='ltr'><em>qnae</em></span> <span class='ocrx_word' id='word_1_189' title='bbox 884 3311 1031 3390; x_wconf 74' lang='lat' dir='ltr'><em>reposita</em></span> <span class='ocrx_word' id='word_1_190' title='bbox 1049 3313 1105 3374; x_wconf 83' lang='lat' dir='ltr'><em>est.</em></span> <span class='ocrx_word' id='word_1_191' title='bbox 1135 3310 1255 3403; x_wconf 62' lang='grc'><em>29119</em></span> <span class='ocrx_word' id='word_1_192' title='bbox 1275 3311 1371 3376; x_wconf 87' lang='lat' dir='ltr'><em>intra</em></span> 
     </span>
     <span class='ocr_line' id='line_1_29' title="bbox 261 3411 1385 3495; baseline -0.004 -17"><span class='ocrx_word' id='word_1_193' title='bbox 261 3416 443 3495; x_wconf 78' lang='lat' dir='ltr'><em>repositam</em></span> <span class='ocrx_word' id='word_1_194' title='bbox 469 3412 638 3477; x_wconf 85' lang='lat' dir='ltr'><em>Palatinae</em></span> <span class='ocrx_word' id='word_1_195' title='bbox 664 3411 759 3494; x_wconf 77' lang='lat' dir='ltr'><em>adis,</em></span> <span class='ocrx_word' id='word_1_196' title='bbox 776 3412 808 3476; x_wconf 90' lang='lat' dir='ltr'><em>h.</em></span> <span class='ocrx_word' id='word_1_197' title='bbox 825 3427 854 3476; x_wconf 87' lang='grc'><em>6.</em></span> <span class='ocrx_word' id='word_1_198' title='bbox 875 3411 980 3476; x_wconf 77' lang='lat' dir='ltr'><em>cedern</em></span> <span class='ocrx_word' id='word_1_199' title='bbox 994 3411 1198 3491; x_wconf 83' lang='lat' dir='ltr'><em>interiorem,</em></span> <span class='ocrx_word' id='word_1_200' title='bbox 1214 3411 1385 3492; x_wconf 61' lang='lat' dir='ltr'><em>aelntnrn„</em></span> 
     </span>
    </p>
   </div>
   <div class='ocr_carea' id='block_1_11' title="bbox 258 3528 1371 4316">
    <p class='ocr_par' dir='ltr' id='par_1_11' title="bbox 260 3528 1370 4016">
     <span class='ocr_line' id='line_1_30' title="bbox 361 3528 1367 3610; baseline -0.001 -17"><span class='ocrx_word' id='word_1_201' title='bbox 361 3536 517 3607; x_wconf 74' lang='grc'><em>11661666</em></span> <span class='ocrx_word' id='word_1_202' title='bbox 540 3530 573 3594; x_wconf 85' lang='grc'><em>16</em></span> <span class='ocrx_word' id='word_1_203' title='bbox 592 3533 682 3610; x_wconf 86' lang='lat' dir='ltr'><em>part.</em></span> <span class='ocrx_word' id='word_1_204' title='bbox 703 3529 789 3610; x_wconf 85' lang='lat' dir='ltr'><em>perf.</em></span> <span class='ocrx_word' id='word_1_205' title='bbox 810 3546 903 3609; x_wconf 86' lang='lat' dir='ltr'><em>pass.</em></span> <span class='ocrx_word' id='word_1_206' title='bbox 924 3528 1147 3592; x_wconf 86' lang='lat' dir='ltr'><em>transitivam</em></span> <span class='ocrx_word' id='word_1_207' title='bbox 1166 3528 1237 3592; x_wconf 86' lang='lat' dir='ltr'><em>vim</em></span> <span class='ocrx_word' id='word_1_208' title='bbox 1252 3529 1367 3609; x_wconf 85' lang='lat' dir='ltr'><em>habet,</em></span> 
     </span>
     <span class='ocr_line' id='line_1_31' title="bbox 260 3627 1367 3712; baseline -0.002 -16"><span class='ocrx_word' id='word_1_209' title='bbox 260 3635 281 3697; x_wconf 89' lang='grc'><em>1.</em></span> <span class='ocrx_word' id='word_1_210' title='bbox 307 3650 338 3712; x_wconf 87' lang='lat' dir='ltr'><em>q.</em></span> <span class='ocrx_word' id='word_1_211' title='bbox 368 3631 532 3712; x_wconf 75' lang='lat' dir='ltr'><em>reptando</em></span> <span class='ocrx_word' id='word_1_212' title='bbox 557 3633 727 3696; x_wconf 83' lang='lat' dir='ltr'><em>transitns</em></span> <span class='ocrx_word' id='word_1_213' title='bbox 752 3629 833 3694; x_wconf 90' lang='lat' dir='ltr'>XII:</span> <span class='ocrx_word' id='word_1_214' title='bbox 855 3631 939 3709; x_wconf 83' lang='grc'><strong>274,</strong></span> <span class='ocrx_word' id='word_1_215' title='bbox 960 3630 1004 3692; x_wconf 92' lang='grc'><em>27</em></span> <span class='ocrx_word' id='word_1_216' title='bbox 1029 3627 1367 3710; x_wconf 71' lang='lat' dir='ltr'><em>aeniinisDelosrep-</em></span> 
     </span>
     <span class='ocr_line' id='line_1_32' title="bbox 260 3728 1369 3813; baseline -0.005 -15"><span class='ocrx_word' id='word_1_217' title='bbox 260 3737 330 3798; x_wconf 90' lang='lat' dir='ltr'><em>tata</em></span> <span class='ocrx_word' id='word_1_218' title='bbox 357 3733 566 3813; x_wconf 84' lang='lat' dir='ltr'><em>narninibns,</em></span> <span class='ocrx_word' id='word_1_219' title='bbox 593 3735 635 3796; x_wconf 87' lang='lat' dir='ltr'><em>nt</em></span> <span class='ocrx_word' id='word_1_220' title='bbox 662 3731 769 3796; x_wconf 81' lang='lat' dir='ltr'><em>semel</em></span> <span class='ocrx_word' id='word_1_221' title='bbox 796 3731 886 3811; x_wconf 85' lang='lat' dir='ltr'><em>apud</em></span> <span class='ocrx_word' id='word_1_222' title='bbox 915 3729 1005 3794; x_wconf 83' lang='lat' dir='ltr'><em>Stat.</em></span> <span class='ocrx_word' id='word_1_223' title='bbox 1028 3729 1144 3807; x_wconf 81' lang='lat' dir='ltr'><strong>(Theb.</strong></span> <span class='ocrx_word' id='word_1_224' title='bbox 1164 3728 1206 3794; x_wconf 88' lang='lat' dir='ltr'><em>V:</em></span> <span class='ocrx_word' id='word_1_225' title='bbox 1229 3731 1314 3808; x_wconf 87' lang='grc'><em>531)</em></span> <span class='ocrx_word' id='word_1_226' title='bbox 1334 3732 1369 3794; x_wconf 91' lang='grc'><em>61</em></span> 
     </span>
     <span class='ocr_line' id='line_1_33' title="bbox 260 3830 1370 3913; baseline -0.007 -15"><span class='ocrx_word' id='word_1_227' title='bbox 260 3835 312 3898; x_wconf 88' lang='lat' dir='ltr'><em>bis</em></span> <span class='ocrx_word' id='word_1_228' title='bbox 345 3833 435 3913; x_wconf 83' lang='lat' dir='ltr'><em>apud</em></span> <span class='ocrx_word' id='word_1_229' title='bbox 470 3832 646 3898; x_wconf 82' lang='lat' dir='ltr'><em>Claudian.</em></span> <span class='ocrx_word' id='word_1_230' title='bbox 680 3839 786 3910; x_wconf 79' lang='lat' dir='ltr'><em>(cons.</em></span> <span class='ocrx_word' id='word_1_231' title='bbox 814 3831 944 3896; x_wconf 88' lang='lat' dir='ltr'><em>Honor.</em></span> <span class='ocrx_word' id='word_1_232' title='bbox 974 3831 1100 3912; x_wconf 83' lang='lat'>4,134</span> <span class='ocrx_word' id='word_1_233' title='bbox 1130 3831 1166 3894; x_wconf 85' lang='lat' dir='ltr'><em>et</em></span> <span class='ocrx_word' id='word_1_234' title='bbox 1193 3831 1226 3893; x_wconf 91' lang='lat' dir='ltr'><em>in</em></span> <span class='ocrx_word' id='word_1_235' title='bbox 1254 3830 1370 3896; x_wconf 87' lang='lat' dir='ltr'><em>Rufin..</em></span> 
     </span>
     <span class='ocr_line' id='line_1_34' title="bbox 261 3936 419 4016; baseline 0 -18"><span class='ocrx_word' id='word_1_236' title='bbox 261 3937 294 4016; x_wconf 87' lang='grc'><em>2,</em></span> <span class='ocrx_word' id='word_1_237' title='bbox 326 3936 419 4009; x_wconf 83' lang='grc'><em>180).</em></span> 
     </span>
    </p>

    <p class='ocr_par' dir='ltr' id='par_1_12' title="bbox 258 4031 1371 4316">
     <span class='ocr_line' id='line_1_35' title="bbox 359 4031 1369 4115; baseline -0.001 -19"><span class='ocrx_word' id='word_1_238' title='bbox 359 4039 541 4110; x_wconf 79' lang='lat' dir='ltr'><em>Reserare,</em></span> <span class='ocrx_word' id='word_1_239' title='bbox 569 4035 590 4100; x_wconf 93' lang='lat' dir='ltr'><em>i.</em></span> <span class='ocrx_word' id='word_1_240' title='bbox 612 4053 644 4115; x_wconf 88' lang='lat' dir='ltr'><em>q.</em></span> <span class='ocrx_word' id='word_1_241' title='bbox 665 4035 837 4111; x_wconf 84' lang='lat' dir='ltr'><em>(obscura)</em></span> <span class='ocrx_word' id='word_1_242' title='bbox 857 4035 1002 4114; x_wconf 78' lang='lat' dir='ltr'><em>aperire,</em></span> <span class='ocrx_word' id='word_1_243' title='bbox 1022 4051 1083 4115; x_wconf 83' lang='lat' dir='ltr'><em>por</em></span> <span class='ocrx_word' id='word_1_244' title='bbox 1103 4031 1369 4097; x_wconf 79' lang='lat' dir='ltr'><em>translationem</em></span> 
     </span>
     <span class='ocr_line' id='line_1_36' title="bbox 260 4135 1371 4218; baseline -0.001 -19"><span class='ocrx_word' id='word_1_245' title='bbox 260 4136 384 4200; x_wconf 84' lang='lat' dir='ltr'><em>dicitur</em></span> <span class='ocrx_word' id='word_1_246' title='bbox 418 4135 481 4202; x_wconf 89' lang='lat' dir='ltr'><em>XI:</em></span> <span class='ocrx_word' id='word_1_247' title='bbox 507 4138 592 4218; x_wconf 89' lang='grc'><strong>257,</strong></span> <span class='ocrx_word' id='word_1_248' title='bbox 619 4137 663 4200; x_wconf 90' lang='grc'><em>21</em></span> <span class='ocrx_word' id='word_1_249' title='bbox 702 4140 771 4200; x_wconf 89' lang='lat' dir='ltr'><em>tnto</em></span> <span class='ocrx_word' id='word_1_250' title='bbox 805 4140 887 4216; x_wconf 76' lang='lat' dir='ltr'><em>apat</em></span> <span class='ocrx_word' id='word_1_251' title='bbox 917 4139 946 4198; x_wconf 91' lang='lat' dir='ltr'><em>te</em></span> <span class='ocrx_word' id='word_1_252' title='bbox 979 4137 1094 4200; x_wconf 86' lang='lat' dir='ltr'><em>onnia</em></span> <span class='ocrx_word' id='word_1_253' title='bbox 1122 4135 1231 4198; x_wconf 80' lang='lat' dir='ltr'><em>anicii</em></span> <span class='ocrx_word' id='word_1_254' title='bbox 1254 4136 1371 4214; x_wconf 77' lang='lat' dir='ltr'><em>operta</em></span> 
     </span>
     <span class='ocr_line' id='line_1_37' title="bbox 258 4237 919 4316; baseline 0 -16"><span class='ocrx_word' id='word_1_255' title='bbox 258 4238 423 4301; x_wconf 82' lang='lat' dir='ltr'><em>reserata.</em></span> <span class='ocrx_word' id='word_1_256' title='bbox 464 4238 529 4302; x_wconf 90' lang='lat' dir='ltr'><em>Hic</em></span> <span class='ocrx_word' id='word_1_257' title='bbox 556 4254 641 4301; x_wconf 89' lang='lat' dir='ltr'><em>usus</em></span> <span class='ocrx_word' id='word_1_258' title='bbox 668 4237 827 4316; x_wconf 85' lang='lat' dir='ltr'><em>poeticus</em></span> <span class='ocrx_word' id='word_1_259' title='bbox 855 4239 919 4300; x_wconf 83' lang='lat' dir='ltr'><em>est.</em></span> 
     </span>
    </p>
   </div>
   <div class='ocr_carea' id='block_1_12' title="bbox 0 0 1490 5184">
    <p class='ocr_par' dir='ltr' id='par_1_13' title="bbox 0 0 1490 5184">
     <span class='ocr_line' id='line_1_38' title="bbox 0 0 1490 5184; baseline 0 2"><span class='ocrx_word' id='word_1_260' title='bbox 0 0 1490 5184; x_wconf 95' lang='lat' dir='ltr'><em> </em></span> 
     </span>
    </p>
   </div>
  </div>
 </body>
</html>
